1586 2990
207 219 225 230 c
261 187 424 237 INST.
475 184 757 235 ORATOR.
792 175 1078 242 Lm'vn,
1119 197 1164 230 1.
1310 192 1377 245 45

44 312 259 391 mersam
321 317 524 366 domum
587 311 814 378 periculo
862 307 1158 385 subjiceret.
1239 314 1379 362 Haec

43 397 222 463 prima
263 391 568 460 quaestione
599 389 777 456 scripti
809 399 860 438 et
890 390 1191 440 voluntatis·
1213 391 1382 440 conti·-

43 483 261 525 nentur.
325 469 664 520 Intendamus
706 468 844 517 ultra
879 468 1153 529 animum,
1200 467 1379 517 videa·
1394 481 1446 521 54

46 565 294 615 musque,
320 565 399 596 =an
433 545 638 611 aliquid.
667 545 900 594 inveniri
925 554 1190 610 praeterea
1216 543 1382 611 poffit,

47 644 162 693 quo
194 625 256 676 id
297 623 461 675 modo
494 621 594 671 fiat.
684 621 880 672 Sedulo
910 622 1094 671 imitor
1125 638 1382 687 quaeren-

49 714 186 761 tem,
224 713 288 752 ut
311 717 561 767 quaerere
591 699 824 758 doceam,
860 694 929 756 et,
968 696 1151 749 omisso
1180 698 1383 765 specio-

50 778 184 830 flore
210 778 319 827 ,stili
343 794 559 843 genere,
578 804 581 808 ·
598 776 664 824 acl
690 776 970 825 utilitatem
997 793 1083 824 me
1108 775 1381 827 summitto

51 855 382 905 discentium.
473 857 668 903 Omnes
719 851 894 902 adhuc
939 852 1266 919 quaestiones
1318 869 1383 902 ex

50 931 271 1000 persona
308 931 547 998 petitoris
590 929 755 996 ipsius
804 929 1082 980 duximus:
1137 947 1232 980 cur
1271 946 1385 980 non

136 1104 210 1154 54}
240 1122 312 1159 quo
330 1128 385 1138 -
396 1108 486 1156 fiat.
545 1107 732 1144 Gesnerus
750 1106 949 1156 praemitti
974 1104 1074 1143 velit
1102 1115 1148 1143 et.
1206 1108 1387 1157 Languet

51 1177 182 1204 tamen.
207 1165 275 1202 vel
303 1167 352 1202 fic
394 1163 661 1214 appendicula.
713 1164 846 1200 Turic.
878 1165 896 1206 (
907 1177 927 1199 a
951 1177 1009 1212 pr.
1040 1166 1184 1210 mauu)
1219 1166 1318 1214 quod
1344 1165 1386 1201 id

50 1223 160 1259 modo
172 1222 269 1269 fiet,
300 1222 403 1258 unde
425 1220 526 1256 subit
546 1234 702 1257 eruere:
735 1215 838 1268 quod¹
854 1221 922 1255 hoo
942 1220 1054 1255 modo
1065 1220 1151 1267 fiet.
1208 1223 1293 1260 Jam
1316 1236 1384 1258 au-

49 1287 130 1315 tem
156 1278 351 1327 sequentia
381 1289 466 1314 ante
489 1277 627 1313 Omnes
653 1291 725 1327 pro
756 1275 970 1323 interjectis
1000 1275 1148 1318 habeo,
1191 1287 1230 1313 et
1248 1292 1383 1327 paren·

51 1334 164 1372 thetis
193 1333 393 1371 includam
419 1334 536 1370 notis.
593 1335 679 1372 Nec
710 1347 810 1384 opus
838 1333 958 1369 fuerit
988 1335 1084 1369 enim
1112 1334 1277 1371 inserere
1298 1346 1386 1371 ante

52 1393 187 1428 imitor.
244 1391 436 1441 Apparet,
481 1391 555 1437 Qu.
586 1391 691 1426 suam
723 1391 841 1440 ipfius
873 1400 909 1426 et
935 1389 1128 1439 designare
1150 1401 1188 1426 et
1208 1392 1386 1427 excusare

50 1447 244 1484 rationem
274 1447 460 1488 docendi,
502 1459 550 1483 ne
581 1447 669 1495 quis
699 1447 800 1483 forte
841 1440 1003 1494 accipiat
1036 1447 1161 1482 imitor·
1190 1448 1386 1496 (primam

52 1503 252 1551 personam
282 1504 403 1552 ling.)
429 1516 507 1551 quo
538 1503 645 1539 seusu
674 1504 795 1539 modo
816 1513 895 1539 erat
925 1503 1178 1543 intendamus,
1207 1502 1387 1552 pluralis,

53 1558 258 1608 respiciens
293 1558 362 1595 ille
395 1560 441 1595 ad
463 1559 662 1594 'lectorem
681 1559 747 1595 vel
768 1559 938 1595 tironem
962 1557 1217 1607 eloquentiae.
1376 1556 1377 1559 ¹

125 1613 282 1664 sp.fi1‘li
303 1629 387 1665 gen.
442 1617 530 1651 Hoc
552 1616 677 1664 ipsum
701 1615 833 1654 Turic.
866 1617 913 1660 (a
932 1629 990 1664 pr.
1013 1616 1158 1660 manu)
1186 1616 1257 1651 nisi
1279 1615 1388 1666 quod

55 1670 315 1720 discerptum:
347 1671 548 1722 speciofior
577 1669 628 1720 est
659 1671 716 1707 illi
745 1686 782 1720 g.
840 1673 901 1706 Ex
922 1670 1024 1708 Alm.
1047 1681 1156 1707 notat
1181 1672 1238 1707 illi
1263 1673 1386 1708 modo

50 1728 188 1763 Burm.
217 1728 293 1774 (cf.
321 1735 385 1772 53.
409 1730 503 1774 58.)
553 1730 588 1763 A
618 1728 686 1764 sec.
717 1728 785 1764 ille
813 1741 952 1764 manu:
996 1726 1219 1778 speciosiore
1251 1730 1316 1781 illo
1346 1743 1384 1777 g.

55 1794 95 1821 et
114 1785 162 1819 fic
183 1783 310 1821 Guelf.
333 1785 464 1833 Camp.
489 1786 603 1820 Tarv.
625 1798 714 1820 cum
736 1785 854 1821 Goth.
876 1784 973 1823 Jens.
996 1795 1034 1820 et
1059 1784 1145 1821 edd.
1169 1795 1254 1822 ante
1274 1786 1386 1821 Ruso.

55 1839 127 1888 qui
146 1841 296 1889 primus
309 1841 423 1890 Regii
437 1841 752 1878 constitutionem
767 1841 925 1877 exhibet
929 1839 989 1890 sp.
1005 1840 1071 1876 illo
1084 1838 1168 1889 stili
1178 1855 1214 1889 g.
1236 1842 1388 1878 obtem·

53 1896 279 1946 perentibus
301 1907 385 1933 ante
406 1897 514 1933 Gesn.
539 1898 734 1938 omnibus,
767 1911 847 1934 exc.
873 1897 967 1934 Obr.
1000 1898 1057 1932 Hi
1078 1897 1168 1933 dant
1178 1897 1238 1947 sp.
1263 1898 1328 1934 illo
1347 1911 1392 1947 g„

139 1953 322 1990 duximus.
380 1950 513 1990 Turio.
537 1954 664 1992 Guelf.
687 1955 847 1991 diximus
867 1967 958 1990 cum
975 1953 1079 1991 Alm.
1105 1965 1142 1990 et
1160 1955 1259 1994 Jens.
1290 1956 1388 2000 (tac.

119 2081 182 2118 54.
222 2089 293 2126 quo
315 2095 371 2104 —
382 2077 475 2124 fiat.
523 2077 571 2113 cf.
611 2089 693 2114 not.
749 2079 778 2114 fi
806 2077 938 2115 minus
969 2078 1066 2114 utile
1100 2091 1216 2127 quam
1246 2079 1389 2126 specio-

60 2131 147 2166 erit.
393 2155 395 2158 -
750 2134 833 2168 sum
861 2134 1026 2169 condere
1046 2133 1252 2175 voluiffet,
1281 2145 1391 2183 pote-

107 2183 192 2234 stili
211 2199 354 2234 genere.
395 2187 435 2224 h.
450 2202 480 2225 e.
505 2187 697 2238 „scriptio-
752 2200 811 2224 rat
847 2189 1085 2238 supersedere
1127 2190 1283 2239 operosa
1318 2190 1394 2225 hae

59 2243 118 2278 nis
165 2249 346 2291 genere.“
429 2246 568 2294 Neque
620 2246 696 2281 hoc
753 2246 950 2281 tenuitate.
988 2245 1199 2282 Novitium
1221 2246 1394 2282 nostrum

61 2298 240 2348 exemplo
291 2300 539 2349 redarguitur
591 2301 698 2350 quod
754 2301 863 2337 vocis
875 2298 960 2349 stili
978 2302 1086 2337 usum
1108 2302 1154 2338 ab
1176 2302 1252 2338 hoc
1269 2302 1392 2350 Quin-

52 2355 200 2390 ‘monui
231 2355 277 2391 ad
310 2356 346 2397 6,
387 2371 422 2398 1,
456 2366 519 2401 42.
575 2356 696 2393 Aliud
754 2356 914 2394 tilianeo
943 2359 969 2393 fi
997 2359 1214 2395 discernere
1243 2359 1393 2405 jubear,

64 2411 347 2447 exatfidixiffet
357 2412 579 2463 speciosiore
589 2411 695 2462 stilo.
753 2413 824 2449 hac
846 2414 997 2450 fortaffe
1028 2415 1174 2464 optime
1208 2415 1395 2464 defungar

62 2466 230 2502 Videtur
258 2468 335 2514 jam
362 2470 494 2505 audire
526 2471 695 2506 censores
751 2471 1015 2519 responsione:
1048 2468 1162 2520 stilus
1184 2471 1288 2519 apud
1318 2473 1393 2518 Qu.

65 2523 138 2570 Qu.
162 2522 361 2566 inituros,
393 2526 499 2574 quod
522 2535 598 2561 tam
623 2525 696 2561 hu-
747 2526 804 2562 -est
836 2524 991 2575 scriptio
1031 2527 1268 2572 (materia),
1314 2540 1396 2563 non

63 2577 698 2629 miliadoceat,hisqueseexeusat.
748 2581 935 2632 scribendi
956 2585 1053 2619 ratio
1083 2583 1272 2629 (forma).
1314 2584 1394 2619 Ne-

65 2635 180 2670 Stilus
202 2636 252 2670 est
285 2637 478 2685 quidquid
509 2638 700 2689 scribitur,
759 2652 834 2687 que
853 2638 931 2674 hoc
953 2639 1042 2675 loco
1064 2639 1144 2688 agit
1169 2640 1216 2675 de
1238 2640 1398 2681 orantis,

64 2689 143 2726 hoc
173 2691 331 2740 quidem
368 2692 478 2735 loco,
529 2707 626 2744 opus
655 2694 703 2730 de
758 2694 821 2730 sed
851 2694 898 2730 de
937 2696 1210 2745 praecipientis
1249 2697 1401 2732 ambitu

65 2749 278 2798 praeceptis
310 2748 564 2799 eloquentiae,
598 2750 706 2801 quod
762 2750 1020 2801 eloquentiae,
1035 2765 1151 2802 quem
1163 2752 1299 2789 vitarit
1309 2753 1400 2802 ipse.
