1586 2990
233 221 328 272 488
545 214 620 261 Μ.
652 215 785 262 FAB.
822 216 1227 278 qumi-mum
1280 226 1283 231 ·

238 340 423 401 inquit,
482 339 762 396 tabellarii3
822 349 872 386 ec
919 356 1018 406 ego
1059 338 1235 395 ibidem
1271 341 1362 391 has
1398 344 1583 398 interm

176 423 226 464 ⁵9
248 430 448 460 coenam
469 417 700 462 exaravi.
779 414 880 462 Cui
917 413 1099 462 similia
1130 413 1248 463 sunt
1269 416 1388 472 illa,
1411 432 1531 464 meo

238 486 453 550 quidem
494 488 720 547 judicio,
784 489 842 535 in
884 490 1074 552 quibus
1111 489 1268 538 verba
1296 489 1533 569 decenter

237 562 457 643 pudoris
485 563 645 626 gratia
668 561 1068 621 subtrahuntur,

255 680 257 683 ’
303 671 517 710 Novimus
538 681 577 711 et
599 674 671 726 qui
688 680 751 720 te,
787 667 1028 732 transversa
1045 671 1249 713 tuentibus
1269 672 1407 720 hircis.

307 737 371 776 Ec
389 750 492 790 quo,
511 733 593 796 sed
601 733 765 797 faciles
786 740 1012 792 Nymphae
1032 733 1175 798 risere,
1201 731 1373 798 sacello.

177 841 227 878 60
247 835 392 882 Hanc
440 834 654 898 quidam
696 833 1009 907 aposiopesin
1050 847 1263 901 putant,
1335 833 1536 886 frustra.
1580 891 1585 895 ἐ

240 908 406 968 Nam,
457 909 543 957 illa
585 911 715 974 quid
748 922 934 969 taceat,
994 914 1250 970 incertum
1299 909 1397 968 est,
1451 920 1540 958 aut

242 995 378 1030 certe
425 985 663 1048 longiore
716 986 949 1034 sermone
989 986 1376 1052 explicandum:
1451 985 1539 1032 hic

241 1075 412 1110 unum
442 1060 680 1117 verbum,
717 1072 767 1108 et
786 1060 1116 1110 manifestum
1133 1061 1371 1125 quidem,
1410 1058 1540 1107 defi-

241 1131 477 1180 deratur:
515 1151 646 1197 quae
667 1135 702 1182 fi
727 1132 1029 1206 aposiopesis
1053 1135 1138 1191 est,
1176 1136 1312 1183 nihil
1332 1138 1458 1190 non,
1479 1135 1539 1182 in

176 1217 224 1254 ει
245 1223 353 1272 quo
388 1206 523 1255 deest
556 1209 779 1272 aliquid4
818 1210 958 1258 idem
988 1210 1342 1274 appellabitur.
1427 1212 1537 1273 Ego

241 1298 309 1330 ne
334 1282 471 1329 illud
495 1283 708 1346 quidem
729 1281 1040 1353 aposiopesin
1063 1283 1262 1348 semper
1289 1300 1449 1340 voco,
1481 1284 1540 1330 in

243 1373 352 1420 quo
383 1373 462 1404 res
497 1374 836 1421 quaecunque
855 1359 1171 1422 relinquitur
1187 1356 1540 1422 intelligenda,

243 1435 306 1479 ut
328 1447 400 1490 ea,
436 1448 570 1496 quae
592 1435 651 1481 in
672 1431 900 1498 epistolis
930 1433 1131 1491 Cicero,
1169 1434 1322 1481 Data
1340 1434 1544 1496 Luper-

265 1601 268 1603 ·
328 1585 520 1624 tabellarii.
549 1587 678 1626 Turio.
700 1599 737 1624 et
756 1601 886 1624 omnes
904 1588 1063 1624 omnino
1091 1586 1186 1623 libri
1198 1598 1283 1623 ante
1303 1587 1410 1622 Gern.
1431 1585 1542 1620 tabel-

244 1641 345 1681 larie,
368 1642 435 1676 nisi
458 1644 562 1690 quod
584 1643 704 1691 aliqui
726 1645 764 1678 in
787 1643 859 1678 fine
884 1657 938 1679 aa.
974 1644 1081 1679 Gern.
1114 1642 1158 1677 de
1187 1641 1398 1677 Burmanni
1415 1641 1544 1685 conie-

243 1706 347 1730 ctura
385 1697 603 1734 tabellarius.
638 1699 760 1734 Malui
787 1698 983 1746 pluralem.
1151 1698 1226 1733 has.
1267 1695 1415 1731 *Turic-
1446 1707 1541 1735 oras.

245 1763 266 1784 a
290 1752 354 1786 sec.
370 1765 482 1786 manu
503 1766 610 1788 orans
631 1764 667 1788 et
690 1755 736 1788 fic
757 1766 887 1788 omnes
910 1763 992 1788 ante
1011 1753 1118 1788 Gesn.
1139 1751 1202 1800 (ut
1220 1762 1256 1787 et
1275 1763 1368 1786 mox
1382 1751 1542 1789 exoravi,

245 1816 332 1839 cum
368 1808 501 1841 fincera
533 1821 612 1842 vox
648 1809 690 1842 fit
713 1809 753 1842 in
782 1808 1043 1856 antiquiorum
1065 1807 1187 1856 prima
1209 1805 1356 1851 manu)
1384 1804 1542 1852 quino·

245 1858 361 1894 strum
387 1873 432 1894 cx
457 1862 664 1897 Burmanni
686 1863 855 1910 ingenio.
912 1865 957 1896 In
979 1862 1110 1897 Ambr.
1141 1876 1174 1897 ι.
1207 1859 1442 1908 hicquidem
1465 1870 1543 1893 cras

245 1915 388 1950 notavi.
450 1917 598 1952 Dubito
626 1931 670 1951 an
699 1929 810 1952 recte.

332 1977 394 2016 59.
425 1971 540 2006 hircis.
599 1973 660 2006 Sic
694 1973 822 2006 Turio.
851 1971 951 2007 Flor.
982 1970 1107 2006 Guelf.
1140 1969 1255 2005 Goth.
1283 1969 1378 2014 (tac.
1407 1967 1543 2012 Gern.)

247 2025 376 2072 Canip.
402 2038 487 2060 cum
508 2025 608 2060 Alm.
630 2027 732 2063 Vols.
747 2036 781 2062 2.
841 2027 997 2074 Reliqui
1018 2027 1164 2073 hirquis.

330 2079 392 2115 60.
424 2081 516 2115 nihil
544 2095 616 2115 non
637 2101 690 2108 —-
712 2083 864 2131 aliquid,
897 2082 1001 2117 idem.
1058 2081 1119 2115 Sic
1142 2079 1271 2114 Turio.
1292 2077 1394 2114 Flor.
1417 2075 1542 2114 Guelf-

247 2133 362 2169 Goth.
394 2134 493 2183 (tac.
518 2137 652 2180 Gesn.)
684 2147 771 2171 cum
796 2136 895 2171 Alm.
929 2137 1028 2174 Vols.
1054 2146 1086 2170 2.
1119 2135 1208 2177 (etsi
1237 2134 1282 2169 ab
1301 2133 1375 2173 lhis
1405 2131 1545 2179 aliquid

249 2190 342 2222 idem
366 2190 484 2225 abeffe
504 2194 704 2235 narratur.)
734 2191 826 2226 Obr.
884 2191 942 2226 Ab
963 2191 1059 2229 Jens.
1083 2190 1127 2223 ad
1151 2188 1236 2224 Ald.
1257 2188 1345 2222 nihil
1363 2187 1469 2222 ——aL
1494 2187 1544 2222 id.

245 2243 405 2291 Reliqui
428 2247 546 2293 Regio
568 2246 723 2291 jubente
745 2247 835 2280 nihil
853 2266 905 2272 —
926 2261 960 2281 α.
983 2259 1054 2280 ηοη
1075 2247 1097 2280 ι’.
1119 2244 1165 2278 cf·
1185 2244 1220 2283 6,
1245 2254 1280 2282 2,
1307 2257 1368 2278 11.
1385 2251 1421 2284 3,
1450 2255 1482 2282 ι,
1506 2241 1542 2278 6.

329 2298 392 2334 61.
424 2299 511 2346 Ego
539 2314 592 2335 ne.
653 2302 781 2335 Tiu‘ie.
813 2302 913 2336 Flos.
943 2300 1068 2335 Guelf.
1105 2312 1197 2345 nego
1237 2311 1324 2333 cum
1352 2296 1451 2332 Alm.
1481 2309 1544 2331 nec

246 2347 316 2400 ego
348 2354 468 2390 Gebh.
492 2355 659 2400 conjicit.
718 2355 873 2403 Reliqui
904 2357 959 2391 Ne
980 2368 1058 2401 ego.
1116 2355 1199 2388 Nos
1232 2353 1541 2400 transposuimus.

245 2408 292 2445 cf.
326 2412 360 2456 §-
394 2420 458 2445 22.
622 2424 690 2451 ea,
732 2424 834 2458 quae.
900 2411 1030 2447 Ambr.
1065 2421 1098 2445 1.
1129 2422 1159 2445 e.
1188 2421 1309 2456 aeque.
1375 2408 1436 2442 An
1473 2406 1546 2442 erit

300 2544 364 2585 59.
405 2540 595 2575 Novimus.
651 2539 760 2587 Virg.
799 2538 866 2574 ecl.
922 2549 957 2573 ta
986 2539 1049 2587 (p.
1069 2538 1160 2571 Ern.
1190 2536 1332 2579 1067.)
1364 2534 1543 2583 quoniam

243 2601 282 2636 δ,
312 2599 348 2637 8·
922 2593 996 2628 hoc
1017 2605 1093 2627 uno
1116 2591 1201 2627 loco
1220 2590 1393 2638 legimus.
1424 2588 1543 2625 Labo-

301 2647 366 2682 61.
396 2657 435 2683 ut
456 2662 508 2687 ea,
541 2662 632 2697 quae
654 2669 706 2676 —-
729 2651 863 2685 Cicero.
921 2659 978 2682 rat
1012 2648 1123 2682 etiarn
1159 2646 1360 2683 structura,
1397 2645 1541 2678 incerto

243 2701 417 2738 Relatum
430 2714 465 2739 et
477 2703 551 2740 hoe
562 2705 661 2740 inter
677 2705 864 2752 fragmen·
922 2703 1020 2739 unde
1064 2701 1220 2752 pendeat
1250 2699 1391 2748 quidve
1418 2698 1460 2732 fit
1487 2709 1541 2732 ea.
