1586 2990
292 195 470 244 ιΝεΤ.Υ
504 193 783 242 ORATOR.
810 193 932 238 Lm.
969 190 1064 249 1X,
1114 204 1156 235 1.
1181 157 1238 236 αξ
1301 200 1395 246 333

75 325 234 375 liaris.
313 322 495 388 Atque
530 321 663 371 alias
683 323 836 370 etiam
856 318 1050 368 dicendi
1067 314 1216 389 quasi
1233 320 1402 367 virtu·
1416 333 1466 373 45

75 412 151 451 tes
170 396 461 473 sequatur.-
501 397 828 455 brevitatem,
845 392 900 468 fi
929 413 1008 446 res
1032 407 1205 461 petet:
1230 391 1402 468 fiiepe

76 481 233 528 etiam
295 494 402 527 rem
464 476 672 526 dicendo
717 471 956 548 subjiciet
1003 474 1205 533 oculis‚-
1230 469 1403 545 saepe

73 551 245 628 supra
271 551 452 624 seret,
512 572 667 620 quam
694 551 826 624 fieri
860 542 1042 622 poffit:
1075 547 1400 622 significatio

64 628 236 705 saepe
265 634 364 680 erit
395 630 585 697 major,
625 648 780 696 quam
813 632 1008 678 oratio.-
1031 625 1200 700 saepe
1225 627 1404 676 hilari-

79 721 189 768 tas,
214 704 385 781 saepe
402 713 545 760 vitae
565 719 968 771 naturarumque
993 708 1218 754 imitatio.
1254 742 1260 750 ,
1285 706 1404 754 Hoc

81 788 134 835 in
184 803 377 855 genere
419 786 576 855 (nam
621 782 768 857 quasi
801 779 999 856 silvam
1029 781 1207 852 vides)
1249 783 1406 832 omnis

82 861 279 912 eluceat
307 875 508 929 oportet
526 863 841 928 eloquentiae
870 860 1187 930 magnitudo.

194 1012 257 1060 Π.
294 1013 435 1078 Ergo
478 1011 568 1061 cui
600 1011 758 1060 latius
797 1010 1077 1076 complecti
1112 1006 1412 1058 conforma-

75 1087 256 1138 tiones
292 1089 582 1139 verborum
621 1103 678 1136 ac
717 1086 1095 1136 sententiarum
1138 1084 1411 1151 placuerit,

83 1161 271 1223 habet,
309 1165 458 1230 quod
488 1163 748 1230 sequatur.
811 1181 909 1212 nec
940 1160 1192 1213 affirmare
1231 1160 1411 1216 ausim,

88 1239 385 1306 quidquam
419 1240 516 1291 effe
547 1242 741 1292 melius
752 1259 767 1301 3
809 1240 898 1290 sed
917 1241 1045 1290 haec
1069 1240 1136 1288 ad.
1154 1235 1413 1305 propositi

17 1321 78 1370 '59
89 1317 198 1365 mei
224 1319 482 1368 rationem
511 1320 662 1385 legat.
750 1318 893 1367 Nam
920 1318 1058 1366 mihi
1089 1317 1155 1365 de
1181 1317 1266 1364 his
1299 1313 1415 1363 sen-

88 1394 370 1443 tentiarum
398 1393 582 1461 figuris
619 1395 793 1444 dicere
823 1396 881 1443 in
919 1395 1096 1443 animo
1130 1392 1228 1451 est,
1278 1407 1416 1457 quae

91 1469 154 1519 ab
194 1470 291 1524 illo
339 1470 562 1537 simplici
602 1472 765 1522 modo
805 1470 1081 1520 indicandi
1134 1469 1415 1519 recedunt:

93 1546 244 1613 quod
264 1546 409 1596 idem
431 1549 613 1598 multis
638 1547 938 1598 doctissirnis
965 1548 1096 1598 viris
1119 1546 1281 1596 video
1303 1546 1416 1612 pla-

93 1621 265 1674 cuiffe.
353 1627 543 1674 Omnia
576 1636 752 1675 tamen
782 1626 900 1685 illa,
939 1626 1101 1674 etiam
1129 1641 1265 1690 quae
1293 1622 1456 1672 sunta

95 1700 309 1750 alterius
356 1702 509 1752 modi
553 1704 788 1762 lumina,
862 1702 994 1751 adeo
1031 1700 1159 1751 sunt
1193 1703 1430 1751 virtutes'

93 1778 376 1837 orationis,
451 1790 514 1829 ut
566 1779 673 1828 fine
716 1781 783 1830 iis
830 1780 980 1828 nulla
1027 1779 1257 1844 intelligi
1306 1775 1420 1825 fere

91 1853 239 1923 poffit
278 1857 460 1906 oratio.
549 1858 691 1906 Nam
732 1856 1008 1923 quomodo
1047 1855 1209 1918 judex
1238 1853 1420 1904 doceri

93 1929 291 1996 potest,
347 1931 386 1981 fi
424 1931 550 1982 defit
580 1933 799 1983 illustris
843 1934 1170 1998 explanatio,
1226 1948 1422 1995 propo-

90 2003 240 2078 sitio,
286 2002 577 2079 promiffio‚
611 2008 818 2079 finitio,
845 2006 1130 2080 sejunctio,
1173 2003 1422 2079 expositio

92 2079 375 2156 sententiae
381 2081 545 2156 sicae,
584 2089 794 2136 rationis
816 2078 945 2151 apta
969 2081 1232 2157 conclusto,
1267 2100 1424 2148 prae·-

187 2225 224 2251 ι.
255 2214 383 2253 dicere.
417 2217 548 2252 Turic.
571 2217 703 2268 Camp.
725 2218 932 2259 omittunt,
964 2231 1053 2254 cum
1074 2218 1177 2256 Alm.

184 2283 222 2308 2.
252 2273 308 2307 iis.
341 2273 404 2308 Sic
425 2273 555 2310 Turic.
578 2273 697 2310 Goth.
727 2275 825 2322 (tac.
849 2274 988 2325 Gesn.)
1026 2276 1187 2326 Reliqui
1215 2278 1282 2314 his.

179 2327 275 2375 fere.
306 2328 369 2364 Sic
399 2328 528 2366 Guelf.
560 2330 719 2379 Reliqui
738 2345 832 2368 vere.
1004 2335 1159 2368 rationis
1178 2337 1426 2382 apta.Turie.

102 2382 232 2421 Guelf.
259 2384 391 2435 Camp.
421 2388 601 2422 orationis
634 2400 723 2424 cum
751 2387 868 2424 Goth.
899 2389 1004 2429 Voff.
1030 2399 1067 2426 2.
1088 2398 1124 2433 5.
1148 2390 1259 2427 colb.
1285 2404 1322 2430 et
1341 2395 1427 2432 edd.

162 2494 198 2519 ι.
228 2482 327 2531 quod
344 2482 452 2537 idem.
482 2483 620 2520 Cicero
647 2484 733 2534 qui·
791 2497 811 2520 a
853 2485 1057 2522 communi
1099 2485 1273 2523 sermone
1304 2498 1430 2524 muta·

102 2538 192 2575 dem
222 2538 324 2573 ruam
358 2539 404 2574 de
425 2538 560 2588 figuris
589 2539 734 2576 doctri·
791 2540 954 2578 tionem.

101 2608 191 2631 nam
238 2593 355 2631 latius
405 2594 734 2645 comprehendiss'e

100 2650 259 2687 videtur
299 2652 450 2692 nostro,
491 2653 561 2701 qui
600 2652 646 2688 de
682 2653 733 2689 iis
878 2664 902 2690 2
962 2654 1178 2703 explanatio
1208 2674 1264 2685 —
1303 2655 1430 2708 laesio.

100 2707 222 2744 modo
263 2720 377 2757 agere
410 2709 608 2745 constituit
637 2722 733 2758 quae
791 2710 898 2745 Haeo
920 2709 1103 2760 pleraque
1123 2726 1261 2761 quaere
1282 2713 1322 2748 in
1339 2726 1430 2763 pro·

102 2761 268 2801 habeant
297 2763 509 2803 notabilem
544 2764 735 2815 quandam
791 2767 911 2802 ximis
942 2767 1020 2804 istis
1051 2769 1329 2806 Ciceronianis.
