1586 2990
316 168 482 217 1Ns'r.
527 165 807 214 onnon.
846 166 969 213 Lm.
1004 167 1092 224 1x‚
1129 179 1176 223 5.
1321 165 1421 226 465

17 303 26 317 ⁸
90 299 278 355 ctione,
333 293 584 362 pluribus
629 291 983 355 adjiciendum
1024 291 1110 342 est.
1206 293 1424 342 Utimur

52 394 55 395 ⁷
89 375 257 440 vulgo
300 383 351 420 et
393 371 760 439 comparativis
802 387 902 437 pro
943 368 1223 439 absolutis,
1282 380 1343 420 ut
1370 368 1425 419 se

90 453 214 518 quis
238 448 568 521 infirmiorem
590 445 687 496 effe
706 446 870 496 dicet:
910 446 1020 497 duo
1042 449 1180 496 inter
1202 445 1254 495 se
1281 463 1426 496 com-

13 558 17 563 ·
84 529 326 596 parentiva
353 526 761 582 committimus,
809 524 866 573 Si
885 534 960 582 te,
1003 524 1251 584 Catilina,
1291 542 1426 574 com·

84 596 351 672 prehendi,
372 599 430 675 fi
451 601 670 673 interfici
682 596 898 674 juffeto,
930 603 1096 660 credo,
1125 604 1223 650 eric
1241 619 1426 652 veren-

89 682 213 730 dum
240 679 385 738 mihi,
424 697 486 727 ne
511 697 611 728 non
631 677 724 727 lzoc
742 681 914 743 potius
938 697 1106 728 omnes
1127 675 1427 751 boniserius

90 777 128 808 a
164 776 269 816 me,
315 774 472 821 quam
499 758 768 821 quisquam
798 755 1053 804 crudelius
1070 754 1285 825 factum
1322 751 1427 829 effe

90 836 245 886 dicat.
296 837 430 883 Sunt
451 844 502 881 et
526 833 616 881 ina
635 849 749 881 non
767 830 954 880 fimilia
976 831 1283 882 soloecismo
1307 833 1427 899 qui-
1441 852 1496 882 20

93 913 242 970 dem,
291 909 379 958 sed
411 922 586 958 tamen
630 925 822 958 numer
826 925 918 958 um
956 910 1240 968 mutantia,
1292 927 1428 976 quae

93 1000 148 1039 et
159 989 336 1057 tropis
358 986 589 1053 affignari
605 984 804 1045 solent,
836 996 898 1035 ut
919 985 986 1036 de
1013 1003 1124 1037 uno
1151 987 1429 1053 pluraliter

93 1063 359 1123 dicamus,

161 1175 247 1219 sea
276 1189 354 1217 nos
384 1169 626 1237 immensum
650 1169 822 1238 spatiis
855 1169 1119 1236 confecimus
1150 1190 1332 1234 aequor.-

92 1355 262 1406 press'um
284 1352 402 1403 quid,
436 1353 543 1403 quod
570 1354 832 1402 praecesserit,
865 1354 966 1402 quasi
989 1352 1151 1390 dixerit:
1194 1354 1432 1402 „Defungor

92 1411 200 1453 „hoc
229 1423 346 1460 quam
373 1410 598 1446 breviffimo
622 1410 823 1458 exemplo,
852 1410 924 1445 ubi
952 1408 1056 1446 nihil
1088 1409 1188 1446 deest
1209 1411 1279 1445 nisi
1308 1424 1431 1458 quam,

92 1481 210 1510 „nam
236 1467 282 1502 ad
314 1478 476 1503 ceteram
507 1467 598 1502 decr.
630 1466 811 1515 pluribus
834 1466 965 1502 verbis
986 1465 1109 1506 illud,
1151 1466 1258 1515 quod
1283 1466 1432 1502 omitti-

93 1533 208 1565 ,‚tur‚
251 1523 512 1570 adjiciendum
542 1522 614 1564 est,
657 1535 737 1571 quo
763 1523 946 1558 sententia
974 1522 1213 1571 expleatur-‚⁶⁶

179 1589 221 1615 ut
239 1578 295 1629 se.
336 1579 400 1614 Sic
422 1579 553 1615 Turic.
580 1578 709 1615 Guelf.
733 1580 866 1628 Camp,
906 1577 1066 1627 Reliqui
1090 1579 1262 1614 inserunt
1284 1590 1376 1614 cum.

183 1636 294 1674 dicet.
344 1635 407 1671 Sic
440 1636 573 1671 Turio.
606 1635 710 1671 Flor.
753 1636 887 1684 Camp.
925 1649 1014 1670 cum
1043 1634 1147 1673 Alm.
1199 1636 1290 1670 ‘licit
1313 1631 1433 1671 Goth.

94 1705 187 1729 eum
209 1692 313 1731 Voll‘.
337 1702 374 1728 2.
416 1689 578 1739 Reliqui
606 1691 680 1737 (de
701 1691 799 1729 Jens.
828 1705 900 1727 err.
924 1693 1064 1734 Gesu.)
1093 1692 1239 1727 dixerit.

181 1749 223 1784 Si
244 1757 300 1789 te,
331 1749 441 1785 Catil.
495 1747 557 1783 Sic
578 1748 712 1783 Ambr.
741 1762 774 1783 1.
810 1749 941 1797 Camp.
973 1760 1061 1783 cnm
1086 1747 1206 1783 Goth.
1236 1748 1370 1783 Locat.
1395 1757 1434 1783 et

94 1805 377 1856 posterioribus
403 1814 487 1840 ante
517 1803 666 1853 Gryph.
709 1805 767 1839 Sic
793 1818 836 1838 ex
860 1805 899 1839 C.
922 1805 1054 1840 Turio.
1097 1817 1116 1838 a
1144 1805 1212 1839 sec.
1233 1817 1351 1839 manu
1373 1804 1434 1839 Si«.-

95 1875 118 1898 e
144 1862 184 1898 C.
232 1860 337 1897 Flor.
358 1859 486 1896 Guelf.
510 1861 570 1894 Sic
590 1873 634 1895 ex
654 1862 693 1896 C.
734 1861 831 1898 Jens.
861 1861 973 1896 Tarv.
997 1861 1055 1895 Sic
1078 1869 1124 1895 te.
1164 1859 1325 1908 Reliqui
1352 1861 1434 1904 jam

95 1917 270 1954 inserunt
300 1927 385 1953 ante
419 1919 459 1952 C.
486 1929 533 1952 ex
555 1917 754 1953 Cicerone.
980 1930 1025 1950 ne
1053 1929 1127 1951 non
1160 1916 1239 1951 hoc.
1299 1915 1434 1952 Turic-

93 1972 201 2010 flor.
231 1986 296 2008 nec
324 1986 399 2008 non
428 1973 463 2007 h.
514 1971 641 2009 Guelf.
673 1972 805 2022 camp.
836 1986 881 2007 ne
903 1985 978 2008 non
1009 1984 1097 2007 eum
1120 1972 1238 2007 Goth.
1266 1971 1371 2011 Voss‘.
1395 1981 1434 2008 2.

95 2039 138 2066 et
156 2028 243 2064 edd.
274 2040 359 2064 ante
382 2027 532 2076 Gryph.

182 2093 250 2120 20.
288 2086 382 2120 Sunt
410 2093 446 2118 et
476 2084 553 2120 illa.
614 2083 677 2118 Sic
708 2081 813 2119 Flor.
848 2083 980 2132 Camp.
1007 2082 1102 2120 Obr.
1157 2085 1312 2119 S-enim
1342 2092 1379 2119 et
1408 2085 1433 2127 i,

97 2139 221 2178 Goth.
246 2142 333 2185 (tae.
357 2141 485 2184 Gern.)
510 2152 598 2175 cum
618 2138 722 2177 Vols.
737 2148 774 2174 2.
805 2140 862 2174 Sit
884 2149 920 2174 ec
942 2142 966 2174 ἱ.
997 2140 1154 2181 Tu1·ic.,
1184 2153 1204 2175 a
1225 2141 1295 2179 sec,
1315 2152 1437 2175 manu

98 2198 160 2233 Sic
181 2206 218 2231 et:
246 2198 269 2233 i.
304 2209 392 2232 cum
422 2195 548 2231 Guelf.
579 2194 695 2231 Bodl.
746 2197 839 2231 Sunt
869 2196 936 2231 illa
967 2205 1004 2231 et.
1039 2196 1137 2235 Jens.
1169 2199 1266 2241 (tac.
1295 2196 1436 2242 Gesn.)

99 2254 217 2290 Tarv.
255 2252 417 2302 Reliqui
442 2252 628 2287 omittunt
651 2260 698 2288 et.

186 2318 223 2344 et
252 2311 378 2356 tropis.
419 2308 552 2345 Turio.
583 2307 686 2345 Flor.
709 2306 757 2355 (a
785 2319 845 2357 pr.
874 2320 993 2343 manu
1015 2305 1209 2358 uterque)
1232 2321 1276 2344 ex
1305 2309 1434 2358 tot-pis.

99 2364 206 2404 nihil
233 2363 361 2401 tamen
392 2363 496 2400 latet.

159 2503 201 2538 Si
223 2511 269 2543 te,
297 2502 469 2538 Catilina.
482 2501 543 2536 Ex
555 2502 634 2538 Cat.
650 2514 683 2544 ι,
701 2511 737 2539 2.
854 2510 920 2540 20.
951 2503 1045 2539 Sunt
1064 2511 1101 2539 et
1123 2503 1202 2540 illa.
1235 2503 1282 2539 cf.
1309 2506 1344 2551 §.
1371 2513 1434 2539 12.

103 2559 276 2605 Sedunos.
305 2558 416 2606 virg.
436 2559 576 2606 Georg.
590 2569 625 2598 2,
645 2565 739 2603 54²·
852 2568 890 2593 et
911 2562 1039 2609 tropis.
1088 2561 1218 2601 „Nam
1241 2560 1289 2603 acl
1309 2561 1435 2608 synec-

105 2615 217 2651 Haud
228 2613 345 2663 secus.
371 2615 490 2657 Ge.3‚
513 2615 605 2658 546.
637 2615 741 2650 Neve
795 2615 975 2656 „doehen
1004 2617 1221 2665 pertinent:
1264 2616 1350 2652 aliis
1385 2626 1437 2651 ta·

99 2671 187 2706 tibi.
222 2673 290 2709 Ge.
324 2680 363 2711 2,
394 2677 487 2719 298.
530 2669 609 2706 Nee
638 2671 739 2706 mihi.
796 2684 914 2712 „men
945 2671 1126 2722 ἐναλλαγὴ
1156 2673 1312 2708 numeri
1342 2671 1438 2708 dici·

106 2727 175 2765 Ge.
197 2737 236 2773 5,
264 2736 355 2773 455.
795 2732 928 2767 „tur.“
958 2728 1307 2777 capperotmorius.
