1586 2990
522 186 923 236 LECTURIS.
1311 199 1396 231 vu

65 317 366 372 membrana
389 315 526 366 haec
556 311 886 366 vetustiffimn
909 315 1035 364 cum
1053 308 1277 364 mirifice
1301 310 1400 362 fibi

63 425 151 462 me
199 404 514 459 conciliaffet
560 404 829 458 luculenta
880 403 949 455 ad
995 409 1031 454 6
1069 407 1312 456 Prooem.
1347 409 1398 453 6,

63 498 344 566 scriptura,
395 497 491 549 ubi
534 497 734 549 omittit
771 492 1064 547 oblectabar
1101 497 1254 546 nulla
1298 510 1400 544 nec

65 592 224 665 fitur?
246 590 427 640 relicta
452 605 550 638 nec
575 589 776 646 lacuna,
810 589 964 654 coepi
985 586 1257 654 quidquid.
1279 585 1401 652 sup-

64 682 270 748 petebat
293 680 394 731 otii
424 680 484 728 in
514 679 667 729 brevi
695 676 816 728 sane
840 681 1259 729 commoratione
1281 680 1401 727 Me-

64 770 272 824 diolani
311 788 340 820 a
377 787 465 819 me
506 767 667 828 facta,
727 769 1040 836 impendere
1079 767 1405 819 excutiendo

63 862 193 913 huic
217 861 501 912 volumini.
563 864 628 910 Et
650 860 934 910 haerebam
958 871 1074 910 tum
1095 861 1323 910 maxime
1344 861 1405 910 in

64 969 212 1003 nono
250 950 521 1016 scriptoris
568 951 677 998 mei
716 950 886 1007 libro,
947 954 1100 1011 cujus
1144 952 1407 1017 plurimas

64 1043 244 1095 animo
271 1039 664 1107 praesumebam
692 1038 1059 1099 ,difficultatem
1099 1041 1175 1090 ita
1200 1039 1409 1090 factum

61 1130 161 1191 est,
180 1143 243 1184 ut
263 1135 376 1191 eius
397 1132 616 1198 quidem
635 1131 908 1180 varietates
925 1147 1039 1181 non
1058 1131 1414 1197 indiligenter·

64 1221 422 1289 excerpserim.
471 1222 657 1277 Habui,
680 1223 740 1271 in
766 1221 871 1271 hoc'
888 1222 1115 1287 n'egotio
1136 1220 1416 1272 faventem>

62 1313 200 1365 mihi
217 1312 555 1379 promtiffima
576 1313 852 1364 voluntate
873 1319 925 1361 et
947 1310 1125 1379 ipsum
1142 1311 1417 1380 Bugatum'·

64 1414 119 1454 et
144 1402 314 1454 socios
347 1406 461 1466 ejus
502 1405 563 1453 in
598 1402 1028 1454 administrandis
1059 1406 1252 1471 opibus
1284 1408 1419 1455 Amo

65 1491 332 1545 brofi‘anis.
439 1494 558 1544 'N'ec
622 1493 914 1544 defuerunt
970 1494 1110 1544 mihi
1161 1491 1417 1562 promiffa.

69 1582 343 1633 doctiffimi
373 1583 767 1635 bibliothecarii
799 1582 868 1635 de
898 1584 1130 1636 curanda
1159 1585 1413 1636 codicum

70 1673 394 1732 cenaticum.
420 1691 556 1739 quae
585 1674 624 1724 fi
649 1684 907 1726 eventum
934 1676 1186 1727 nondum
1210 1676 1425 1726 habuc·-¹

69 1780 152 1823 re,
190 1780 307 1814 mea
334 1763 622 1814 accusanda
642 1764 715 1817 est
743 1765 1062 1833 exposcendi
1080 1765 1242 1816 officii
1262 1784 1426 1816 vere-·

71 1853 280 1905 cundia.
322 1855 462 1916 Cum
487 1856 634 1905 enim
658 1855 792 1907 datis
822 1856 890 1908 ad
911 1860 1178 1924 Bugatum
1203 1857 1416 1915 litteriS,

70 1942 277 1999 foimffe
322 1945 722 1997 tabellariorum
758 1949 915 2014 culpa
949 1949 1163 2009 abjectis
1202 1949 1262 1997 in
1296 1949 1417 1996 lon-

75 2034 271 2100 giffimo
290 2036 498 2093 itinere,
519 2035 830 2102 responsum
857 2041 1118 2089 continuo
1141 2055 1256 2088 non
1280 2035 1418 2095 esset,

77 2120 500 2189 supervenerunt
555 2126 773 2175 interim
825 2126 1129 2178 tristiffimae
1178 2128 1418 2191 publica-

78 2229 201 2263 rum
238 2213 675 2288 privatarumque
714 2214 1056 2267 fortunarum
1103 2215 1419 2274 everfiones,

80 2303 278 2369 quibus
309 2302 399 2352 cui
427 2318 541 2352 non

112 2438 118 2445 ,
175 2389 350 2457 Exczff
385 2392 582 2435 manibus
617 2396 750 2450 radii,
800 2399 1076 2454 revolutaque
1110 2392 1273 2459 pensa?

80 2468 292 2537 Deinde
323 2497 593 2554 torporem
625 2490 959 2556 ingeneravit
987 2491 1136 2557 quod
1170 2490 1421 2539 videbam

83 2579 142 2626 in
175 2576 356 2626 labore
385 2579 634 2644 protinus
670 2578 1010 2648 suscipiendo
1044 2581 1186 2632 nihil
1214 2599 1301 2631 me
1333 2581 1423 2630 ad-

85 2671 261 2728 jutum
280 2667 349 2716 iri
374 2687 403 2717 a
428 2670 569 2719 libro
592 2671 707 2730 illo,
749 2690 911 2738 quem
934 2673 1160 2741 plurimi
1181 2671 1421 2721 facerem.

90 2756 338 2826 Spondeo
371 2769 548 2811 tamen
578 2770 630 2810 et
658 2763 807 2813 hunc
837 2774 893 2813 et
923 2765 1153 2815 alterum
1188 2764 1426 2814 codicem
