1586 2990
260 199 326 259 46
486 219 487 222 =
559 198 633 254 Μ.
677 199 808 245 FAB.
853 198 1253 261 QU1NT1L1AN1

258 338 390 372 mus.
439 321 684 370 credibile
719 320 814 377 est,
860 320 962 368 hoc
997 319 1216 368 voluiffe
1252 323 1565 387 legumlato-.

258 414 394 455 rem,
439 415 506 446 ne
537 398 726 444 auxilia
758 395 1045 459 liberorum
1071 396 1434 447 innocentibus
1465 398 1555 446 de-

257 470 424 520 01113111.
503 471 601 520 Sed
634 471 734 518 hoc
773 469 943 517 dicere
976 468 1167 519 rustico
1194 473 1555 521 verecundum

257 547 352 604 est,
404 548 527 611 quia
559 548 891 593 innocentem
926 542 1076 592 fuiffe
1113 555 1310 610 patrem
1347 545 1552 597 fatetur.

190 629 240 667 57
252 625 354 671 Dat
379 621 523 669 aliud
558 629 920 684 argumentum
952 620 1348 678 controversum,
1386 623 1554 670 Dam-

251 708 399 744 natus
432 697 728 760 proditionis
769 711 878 741 cum
913 695 1160 743 advocato
1199 684 1379 744 exzilet.
1456 699 1579 745 Vix*

250 772 461 821 videtur
494 767 632 834 posse
663 767 799 826 fieri,
847 780 910 818 ut
940 786 1108 834 poena
1136 767 1246 818 filio
1275 771 1332 818 in
1363 771 1552 819 eodem

249 856 416 910 patre,
457 856 507 892 et
539 843 575 892 fi
600 841 829 901 affuerit,
865 854 915 891 et
948 843 986 891 fi
1015 861 1124 892 11011
1155 841 1384 902 affuerit,
1428 863 1551 895 con-

249 919 422 968 stituta
461 919 534 968 fit.
625 922 886 967 Praeterea
933 919 1015 965 lex
1068 918 1133 966 ad
1186 920 1358 967 exules
1405 921 1551 968 nulla

246 996 484 1059 pertinet.
525 1010 632 1041 non
660 1010 782 1057 ergo
805 993 1050 1040 credibile
1075 991 1172 1048 est,
1211 993 1275 1040 de
1291 994 1549 1046 *advocato

192 1092 199 1096 ¹·
247 1068 474 1117 damnati
496 1067 770 1134 scriptum:
808 1070 907 1136 (an
929 1067 1110 1133 poffint
1132 1069 1272 1116 enim
1294 1068 1431 1117 bona
1452 1068 1548 1118 effe

326 1240 390 1283 56.
441 1239 723 1287 legumlatorem.
791 1239 920 1286 Camp.
951 1238 1207 1285 legislatorem.
1253 1238 1298 1273 cf.
1330 1245 1392 1282 52.

325 1302 388 1339 57.
409 1293 679 1343 controvevfiae.
707 1294 769 1329 Sic
781 1295 911 1329 Turio.
929 1293 1052 1329 Gnelf.
1067 1293 1182 1328 Goth.
1194 1294 1218 1330 J
1220 1294 1290 1329 ens.
1311 1295 1398 1338 (err.
1411 1295 1544 1331 Gesne-

237 1351 302 1394 ro)
326 1362 413 1384 cum
434 1349 531 1387 Vall.
556 1361 591 1385 et
613 1349 694 1384 edd.
723 1360 806 1384 ante
828 1351 960 1386 Venet.
983 1361 1062 1383 exc.
1088 1349 1217 1395 Camp.
1248 1361 1295 1382 ex
1318 1361 1396 1396 quo
1412 1351 1544 1384 notavi

238 1404 490 1455 controversia,
515 1418 608 1451 quae
635 1404 683 1438 est
705 1403 853 1451 aliquot
874 1414 966 1439 vett.
995 1402 1291 1450 multarumque,
1311 1414 1356 1438 ut
1376 1415 1412 1440 ct
1435 1405 1542 1441 Gesn.

238 1459 497 1495 recentiorum
519 1460 699 1507 scriptura
719 1459 902 1507 probante
924 1458 1058 1504 Regio.

323 1517 360 1548 in
382 1516 507 1549 eodem
527 1524 642 1560 patre.
718 1516 774 1548 Ita
806 1514 936 1548 Turio.
978 1511 1102 1548 Guelf.
1136 1513 1263 1560 Camp.
1296 1525 1385 1547 cum
1423 1513 1540 1550 Goth.

236 1568 337 1604 Alm.
361 1570 463 1606 Voss'.
488 1581 523 1604 2.
549 1568 648 1607 Vall.
680 1579 716 1604 et
747 1569 830 1603 edd.
850 1578 933 1603 ante
955 1566 1041 1602 Ald.
1092 1568 1188 1607 Hic,
1228 1569 1350 1616 Regio
1371 1568 1539 1614 jubente,

237 1625 364 1658 eadem
391 1627 491 1671 patri
523 1637 609 1658 cum
642 1624 724 1659 edd.
757 1634 841 1658 ante
863 1624 969 1658 Gesn.
1001 1635 1078 1657 exc.
1102 1622 1192 1657 Bad.
1357 1623 1403 1656 de
1429 1623 1541 1658 advo-

235 1687 330 1712 cato.
379 1681 434 1713 Ita
457 1679 586 1713 Turio.
609 1678 734 1714 Guelf.
755 1679 884 1726 Camp.
907 1677 1021 1712 Goth.
1046 1678 1141 1720 (tac.
1162 1678 1296 1721 Gesn.)
1325 1676 1413 1712 cu‘m
1436 1676 1537 1715 Alxn.

234 1732 347 1768 Bodl.
372 1733 474 1770 Voff.
498 1743 532 1768 2.
556 1743 594 1767 ct
617 1733 701 1767 edd.
723 1743 807 1767 ante
828 1733 935 1768 Rufe.
986 1732 1061 1766 Hic
1091 1744 1178 1769 cum
1205 1731 1287 1766 rell.
1316 1742 1399 1767 ante
1428 1732 1537 1767 Leid.

234 1787 282 1821 de
302 1801 375 1822 non
394 1789 476 1823 adv.
499 1801 604 1828 mox,
637 1800 777 1827 errore,
807 1787 849 1822 ni
871 1786 996 1827 fallor,
1026 1786 1236 1827 Leidenfis,
1268 1799 1340 1821 non
1369 1787 1451 1821 adv.
1479 1799 1537 1820 re·

232 1843 444 1883 centiores,
485 1855 564 1878 exc.
591 1843 748 1890 Capper.
781 1842 849 1888 qui
879 1842 995 1876 rediit
1014 1841 1059 1884 ad
1088 1841 1294 1888 Regianam
1314 1841 1537 1890 scripturam

230 1895 278 1931 de
303 1910 379 1932 non
405 1898 490 1934 adv.
546 1895 649 1931 Male
675 1910 748 1931 non
775 1897 934 1931 inseruit
970 1898 1062 1944 Reg.
1093 1896 1172 1931 vid.
1203 1906 1282 1932 not.
1314 1908 1371 1931 ex.

909 2033 975 2068 illa
1008 2048 1102 2082 qnae
1135 2035 1302 2083 sequitur
1334 2033 1531 2069 sententia:

909 2091 1110 2124 Damnatus
1133 2109 1184 2117 -
1207 2089 1337 2125 exulat.

965 2147 1003 2179 in
1035 2146 1159 2180 eodem
1185 2153 1300 2193 patre.
1359 2143 1399 2178 Si
1426 2154 1534 2192 pater

283 2036 521 2070 verecundum
553 2032 612 2082 est.
665 2035 855 2070 Sententia

227 2089 339 2124 facile
370 2101 544 2139 apparet:
605 2091 855 2125 verecundiam

227 2154 368 2184 movet,
395 2146 571 2192 pudorem
600 2148 737 2180 incutit.
793 2146 855 2179 An

225 2197 322 2233 alibi
339 2199 474 2233 eodem
495 2201 611 2235 modo
633 2201 778 2234 dictum
797 2201 851 2239 fit,

223 2254 396 2287 nondum
417 2254 587 2289 invenio.
629 2255 729 2289 Nam
758 2254 853 2288 feras

225 2308 340 2342 etiam
361 2321 432 2342 non
455 2310 664 2356 appofitum
686 2308 768 2356 post
793 2322 852 2343 ve-

223 2365 427 2403 recundum,
451 2363 575 2398 veluti
595 2370 631 2407 4,
648 2371 682 2406 5,
713 2375 772 2409 19·
800 2362 850 2397 est

222 2419 355 2457 „causa
411 2432 541 2465 parum
595 2418 848 2454 verecunda.“

222 2472 269 2507 cf.
295 2473 340 2507 de
360 2474 573 2508 verecundia
597 2484 633 2508 et
662 2473 696 2512 6,
721 2482 757 2516 5,
782 2482 846 2516 53.

277 2530 374 2574 quia.
423 2529 536 2563 Haud
564 2527 680 2577 paulo
708 2527 847 2563 melius

219 2577 415 2630 legas-qui.

277 2643 339 2678 57.
391 2637 466 2670 Dat
487 2655 542 2663 —-
576 2635 844 2687 controversiae.

219 2689 441 2736 Snbjectum
463 2692 664 2728 sententiae
694 2692 743 2728 est
769 2692 845 2742 ipsa

906 2199 974 2234 ille
1010 2200 1206 2235 damnatus
1240 2198 1378 2239 fuerit,
1429 2210 1530 2237 cum,

908 2255 976 2301 qui
1023 2255 1103 2289 eius
1156 2254 1297 2288 causam
1347 2262 1530 2291 oraverat,

904 2307 1014 2342 simul
1046 2308 1194 2348 exudet,
1234 2320 1312 2342 non
1348 2307 1469 2355 potest
1496 2307 1530 2341 is

905 2375 1058 2410 quoque
1084 2363 1227 2411 puniri,
1258 2362 1326 2410 qui
1347 2374 1426 2396 non
1447 2373 1528 2396 ora-

901 2427 1018 2453 verat.

959 2485 1031 2507 non
1050 2471 1398 2520 ergo—scriptum.
1428 2470 1526 2506 Cum

902 2527 961 2560 Iex
983 2528 1083 2563 nulla
1105 2530 1284 2574 pertineat
1311 2527 1362 2561 ad
1393 2525 1523 2563 exules,

902 2581 1005 2616 credi
1035 2583 1170 2630 nequit
1189 2582 1311 2629 legem
1343 2581 1411 2616 01Γο
1438 2579 1524 2614 scri-

899 2647 1001 2684 ptam
1041 2638 1086 2671 de
1127 2637 1308 2672 advocato
1348 2634 1524 2673 damnati,

901 2691 970 2739 qui
1001 2692 1202 2727 necess‘ario
1225 2691 1275 2726 est
1296 2689 1398 2726 exul.
1447 2689 1530 2726 1110
