<?xml version="1.0" encoding="UTF-8"?>
<!DOCTYPE html PUBLIC "-//W3C//DTD XHTML 1.0 Transitional//EN"
    "http://www.w3.org/TR/xhtml1/DTD/xhtml1-transitional.dtd">
<html xmlns="http://www.w3.org/1999/xhtml" xml:lang="en" lang="en">
 <head>
  <title>
</title>
<meta http-equiv="Content-Type" content="text/html;charset=utf-8" />
  <meta name='ocr-system' content='tesseract 3.04.00' />
  <meta name='ocr-capabilities' content='ocr_page ocr_carea ocr_par ocr_line ocrx_word'/>
</head>
<body>
  <div class='ocr_page' id='page_1' title='image "./lexiconquintilia03bonnuoft_0325.png"; bbox 0 0 1586 2990; ppageno 0'>
   <div class='ocr_carea' id='block_1_1' title="bbox 343 228 1460 289">
    <p class='ocr_par' dir='ltr' id='par_1_1' title="bbox 343 228 1460 289">
     <span class='ocr_line' id='line_1_1' title="bbox 343 228 1460 289; baseline -0.003 -10"><span class='ocrx_word' id='word_1_1' title='bbox 343 231 510 279; x_wconf 72' lang='lat' dir='ltr'>msr.</span> <span class='ocrx_word' id='word_1_2' title='bbox 553 229 835 280; x_wconf 70' lang='lat' dir='ltr'>ORATOR.-</span> <span class='ocrx_word' id='word_1_3' title='bbox 874 229 996 276; x_wconf 76' lang='lat' dir='ltr'>Lm.</span> <span class='ocrx_word' id='word_1_4' title='bbox 1029 229 1160 287; x_wconf 84' lang='lat' dir='ltr'>vm,</span> <span class='ocrx_word' id='word_1_5' title='bbox 1203 228 1247 276; x_wconf 85' lang='lat'>6.</span> <span class='ocrx_word' id='word_1_6' title='bbox 1364 242 1460 289; x_wconf 75' lang='lat'>307</span> 
     </span>
    </p>
   </div>
   <div class='ocr_carea' id='block_1_2' title="bbox 245 353 1310 503">
    <p class='ocr_par' dir='ltr' id='par_1_2' title="bbox 245 353 1310 503">
     <span class='ocr_line' id='line_1_2' title="bbox 245 353 908 420; baseline 0 -19"><span class='ocrx_word' id='word_1_7' title='bbox 245 378 334 401; x_wconf 75' lang='lat'>,·—-</span> <span class='ocrx_word' id='word_1_8' title='bbox 364 377 432 389; x_wconf 92' lang='lat'>--</span> <span class='ocrx_word' id='word_1_9' title='bbox 469 353 595 420; x_wconf 83' lang='lat' dir='ltr'>sedet</span> <span class='ocrx_word' id='word_1_10' title='bbox 628 353 788 420; x_wconf 81' lang='lat' dir='ltr'>inscius</span> <span class='ocrx_word' id='word_1_11' title='bbox 818 358 908 401; x_wconf 79' lang='lat' dir='ltr'>alto</span> 
     </span>
     <span class='ocr_line' id='line_1_3' title="bbox 267 434 1310 503; baseline 0.002 -21"><span class='ocrx_word' id='word_1_12' title='bbox 267 441 490 494; x_wconf 82' lang='lat' dir='ltr'>Accipiens</span> <span class='ocrx_word' id='word_1_13' title='bbox 514 435 708 502; x_wconf 78' lang='lat' dir='ltr'>sonitum</span> <span class='ocrx_word' id='word_1_14' title='bbox 733 434 843 500; x_wconf 78' lang='lat' dir='ltr'>saxi</span> <span class='ocrx_word' id='word_1_15' title='bbox 877 439 928 480; x_wconf 76' lang='lat' dir='ltr'>de</span> <span class='ocrx_word' id='word_1_16' title='bbox 959 440 1114 482; x_wconf 79' lang='lat' dir='ltr'>vertice</span> <span class='ocrx_word' id='word_1_17' title='bbox 1145 439 1310 503; x_wconf 65' lang='lat' dir='ltr'>pastor.v</span> 
     </span>
    </p>
   </div>
   <div class='ocr_carea' id='block_1_3' title="bbox 38 538 1522 839">
    <p class='ocr_par' dir='ltr' id='par_1_3' title="bbox 38 538 1522 685">
     <span class='ocr_line' id='line_1_4' title="bbox 128 538 1522 607; baseline 0 -18"><span class='ocrx_word' id='word_1_18' title='bbox 128 541 523 606; x_wconf 83' lang='lat' dir='ltr'>Praecipueque</span> <span class='ocrx_word' id='word_1_19' title='bbox 551 557 615 589; x_wconf 85' lang='lat' dir='ltr'>ex</span> <span class='ocrx_word' id='word_1_20' title='bbox 644 541 730 590; x_wconf 83' lang='lat' dir='ltr'>his</span> <span class='ocrx_word' id='word_1_21' title='bbox 760 540 934 590; x_wconf 81' lang='lat' dir='ltr'>oritur</span> <span class='ocrx_word' id='word_1_22' title='bbox 964 538 1284 600; x_wconf 79' lang='lat' dir='ltr'>sublimitas,</span> <span class='ocrx_word' id='word_1_23' title='bbox 1321 557 1522 607; x_wconf 76' lang='lat' dir='ltr'>quaen</span> 
     </span>
     <span class='ocr_line' id='line_1_5' title="bbox 38 616 1459 685; baseline 0.001 -20"><span class='ocrx_word' id='word_1_24' title='bbox 38 634 119 672; x_wconf 77' lang='lat'>755</span> <span class='ocrx_word' id='word_1_25' title='bbox 131 616 317 666; x_wconf 85' lang='lat' dir='ltr'>audaci</span> <span class='ocrx_word' id='word_1_26' title='bbox 335 627 390 665; x_wconf 84' lang='lat' dir='ltr'>et</span> <span class='ocrx_word' id='word_1_27' title='bbox 410 618 652 684; x_wconf 80' lang='lat' dir='ltr'>proxime</span> <span class='ocrx_word' id='word_1_28' title='bbox 671 618 973 685; x_wconf 89' lang='lat' dir='ltr'>periculum</span> <span class='ocrx_word' id='word_1_29' title='bbox 994 618 1334 668; x_wconf 85' lang='lat' dir='ltr'>translatione</span> <span class='ocrx_word' id='word_1_30' title='bbox 1356 619 1459 668; x_wconf 85' lang='lat' dir='ltr'>tol-</span> 
     </span>
    </p>

    <p class='ocr_par' dir='ltr' id='par_1_4' title="bbox 127 692 1458 753">
     <span class='ocr_line' id='line_1_6' title="bbox 127 692 1458 753; baseline 0.002 -11"><span class='ocrx_word' id='word_1_31' title='bbox 127 694 340 753; x_wconf 87' lang='lat' dir='ltr'>luntur,</span> <span class='ocrx_word' id='word_1_32' title='bbox 397 711 519 744; x_wconf 86' lang='lat' dir='ltr'>cum</span> <span class='ocrx_word' id='word_1_33' title='bbox 557 694 715 744; x_wconf 87' lang='lat' dir='ltr'>rebus</span> <span class='ocrx_word' id='word_1_34' title='bbox 749 692 901 744; x_wconf 83' lang='lat' dir='ltr'>sensu</span> <span class='ocrx_word' id='word_1_35' title='bbox 937 694 1234 744; x_wconf 83' lang='lat' dir='ltr'>carentibus</span> <span class='ocrx_word' id='word_1_36' title='bbox 1278 706 1458 747; x_wconf 85' lang='lat' dir='ltr'>actum</span> 
     </span>
    </p>

    <p class='ocr_par' dir='ltr' id='par_1_5' title="bbox 125 771 1289 839">
     <span class='ocr_line' id='line_1_7' title="bbox 125 771 1289 839; baseline 0 -19"><span class='ocrx_word' id='word_1_37' title='bbox 125 771 394 837; x_wconf 85' lang='lat' dir='ltr'>quendam</span> <span class='ocrx_word' id='word_1_38' title='bbox 424 781 476 819; x_wconf 87' lang='lat' dir='ltr'>et</span> <span class='ocrx_word' id='word_1_39' title='bbox 504 772 707 821; x_wconf 87' lang='lat' dir='ltr'>animos</span> <span class='ocrx_word' id='word_1_40' title='bbox 740 771 951 831; x_wconf 87' lang='lat' dir='ltr'>damus;</span> <span class='ocrx_word' id='word_1_41' title='bbox 991 772 1161 839; x_wconf 87' lang='lat' dir='ltr'>qualis</span> <span class='ocrx_word' id='word_1_42' title='bbox 1190 771 1289 832; x_wconf 87' lang='lat' dir='ltr'>est,</span> 
     </span>
    </p>
   </div>
   <div class='ocr_carea' id='block_1_4' title="bbox 256 883 930 940">
    <p class='ocr_par' dir='ltr' id='par_1_6' title="bbox 256 883 930 940">
     <span class='ocr_line' id='line_1_8' title="bbox 256 883 930 940; baseline 0 -16"><span class='ocrx_word' id='word_1_43' title='bbox 256 883 435 926; x_wconf 76' lang='lat' dir='ltr'>Pontem</span> <span class='ocrx_word' id='word_1_44' title='bbox 469 884 717 940; x_wconf 79' lang='lat' dir='ltr'>indignatus</span> <span class='ocrx_word' id='word_1_45' title='bbox 749 887 930 925; x_wconf 82' lang='lat' dir='ltr'>Araxes.</span> 
     </span>
    </p>
   </div>
   <div class='ocr_carea' id='block_1_5' title="bbox 121 982 1523 1210">
    <p class='ocr_par' dir='ltr' id='par_1_7' title="bbox 121 982 1523 1210">
     <span class='ocr_line' id='line_1_9' title="bbox 122 982 1523 1058; baseline 0.004 -28"><span class='ocrx_word' id='word_1_46' title='bbox 122 984 189 1031; x_wconf 87' lang='lat' dir='ltr'>Et</span> <span class='ocrx_word' id='word_1_47' title='bbox 208 983 298 1032; x_wconf 88' lang='lat' dir='ltr'>illa</span> <span class='ocrx_word' id='word_1_48' title='bbox 321 984 608 1043; x_wconf 86' lang='lat' dir='ltr'>Ciceronis,</span> <span class='ocrx_word' id='word_1_49' title='bbox 645 985 790 1058; x_wconf 69' lang='lat' dir='ltr'>Quid</span> <span class='ocrx_word' id='word_1_50' title='bbox 808 987 939 1032; x_wconf 82' lang='lat' dir='ltr'>enim</span> <span class='ocrx_word' id='word_1_51' title='bbox 957 994 1076 1033; x_wconf 84' lang='lat' dir='ltr'>tuus</span> <span class='ocrx_word' id='word_1_52' title='bbox 1096 984 1196 1042; x_wconf 84' lang='lat' dir='ltr'>ille,</span> <span class='ocrx_word' id='word_1_53' title='bbox 1235 982 1454 1044; x_wconf 82' lang='lat' dir='ltr'>Tubero,</span> <span class='ocrx_word' id='word_1_54' title='bbox 1471 1008 1523 1037; x_wconf 73' lang='lat' dir='ltr'><strong>m</strong></span> 
     </span>
     <span class='ocr_line' id='line_1_10' title="bbox 121 1055 1456 1132; baseline 0.003 -26"><span class='ocrx_word' id='word_1_55' title='bbox 121 1055 393 1129; x_wconf 80' lang='lat' dir='ltr'>destrictus</span> <span class='ocrx_word' id='word_1_56' title='bbox 422 1064 472 1110; x_wconf 84' lang='lat' dir='ltr'>in</span> <span class='ocrx_word' id='word_1_57' title='bbox 499 1065 608 1110; x_wconf 83' lang='lat' dir='ltr'>acie</span> <span class='ocrx_word' id='word_1_58' title='bbox 639 1056 949 1132; x_wconf 74' lang='lat' dir='ltr'>Pharsalica</span> <span class='ocrx_word' id='word_1_59' title='bbox 981 1060 1195 1128; x_wconf 77' lang='lat' dir='ltr'>gladius</span> <span class='ocrx_word' id='word_1_60' title='bbox 1223 1059 1456 1129; x_wconf 77' lang='lat' dir='ltr'>agebat?</span> 
     </span>
     <span class='ocr_line' id='line_1_11' title="bbox 123 1133 1455 1210; baseline 0.003 -26"><span class='ocrx_word' id='word_1_61' title='bbox 123 1135 284 1200; x_wconf 76' lang='lat' dir='ltr'>Cujus</span> <span class='ocrx_word' id='word_1_62' title='bbox 304 1137 440 1190; x_wconf 84' lang='lat' dir='ltr'>latus</span> <span class='ocrx_word' id='word_1_63' title='bbox 463 1138 548 1187; x_wconf 83' lang='lat' dir='ltr'>ille</span> <span class='ocrx_word' id='word_1_64' title='bbox 568 1155 741 1188; x_wconf 83' lang='lat' dir='ltr'>mucro</span> <span class='ocrx_word' id='word_1_65' title='bbox 759 1135 1007 1203; x_wconf 73' lang='lat' dir='ltr'>petebat?</span> <span class='ocrx_word' id='word_1_66' title='bbox 1038 1141 1127 1204; x_wconf 84' lang='lat' dir='ltr'>qui</span> <span class='ocrx_word' id='word_1_67' title='bbox 1130 1133 1230 1209; x_wconf 78' lang='lat' dir='ltr'>sen</span> <span class='ocrx_word' id='word_1_68' title='bbox 1217 1135 1319 1210; x_wconf 64' lang='lat' dir='ltr'>fils</span> <span class='ocrx_word' id='word_1_69' title='bbox 1339 1149 1455 1188; x_wconf 76' lang='lat' dir='ltr'>erat</span> 
     </span>
    </p>
   </div>
   <div class='ocr_carea' id='block_1_6' title="bbox 118 1301 1453 1524">
    <p class='ocr_par' dir='ltr' id='par_1_8' title="bbox 118 1301 1453 1524">
     <span class='ocr_line' id='line_1_12' title="bbox 118 1301 1452 1353; baseline 0.005 -16"><span class='ocrx_word' id='word_1_70' title='bbox 118 1301 179 1338; x_wconf 76' lang='lat' dir='ltr'>vel</span> <span class='ocrx_word' id='word_1_71' title='bbox 201 1317 368 1340; x_wconf 80' lang='lat' dir='ltr'>numerus</span> <span class='ocrx_word' id='word_1_72' title='bbox 391 1316 428 1342; x_wconf 86' lang='lat' dir='ltr'>et</span> <span class='ocrx_word' id='word_1_73' title='bbox 447 1306 495 1342; x_wconf 84' lang='lat' dir='ltr'>fic</span> <span class='ocrx_word' id='word_1_74' title='bbox 522 1307 625 1352; x_wconf 83' lang='lat' dir='ltr'>(fine</span> <span class='ocrx_word' id='word_1_75' title='bbox 651 1305 711 1342; x_wconf 84' lang='lat' dir='ltr'>vel</span> <span class='ocrx_word' id='word_1_76' title='bbox 731 1305 884 1350; x_wconf 87' lang='lat' dir='ltr'>tamen)</span> <span class='ocrx_word' id='word_1_77' title='bbox 907 1304 1041 1353; x_wconf 85' lang='lat' dir='ltr'>Camp.</span> <span class='ocrx_word' id='word_1_78' title='bbox 1079 1313 1195 1340; x_wconf 81' lang='lat' dir='ltr'>metus</span> <span class='ocrx_word' id='word_1_79' title='bbox 1223 1304 1321 1342; x_wconf 84' lang='lat' dir='ltr'>Vall.</span> <span class='ocrx_word' id='word_1_80' title='bbox 1350 1307 1452 1344; x_wconf 81' lang='lat' dir='ltr'>Jenl&#39;.</span> 
     </span>
     <span class='ocr_line' id='line_1_13' title="bbox 120 1359 1453 1409; baseline 0.004 -15"><span class='ocrx_word' id='word_1_81' title='bbox 120 1370 211 1394; x_wconf 80' lang='lat' dir='ltr'>cum</span> <span class='ocrx_word' id='word_1_82' title='bbox 235 1359 319 1397; x_wconf 84' lang='lat' dir='ltr'>edd.</span> <span class='ocrx_word' id='word_1_83' title='bbox 346 1362 503 1409; x_wconf 84' lang='lat' dir='ltr'>posterr.</span> <span class='ocrx_word' id='word_1_84' title='bbox 530 1374 616 1398; x_wconf 83' lang='lat' dir='ltr'>ante</span> <span class='ocrx_word' id='word_1_85' title='bbox 637 1362 725 1398; x_wconf 80' lang='lat' dir='ltr'><strong>Ald.</strong></span> <span class='ocrx_word' id='word_1_86' title='bbox 773 1373 916 1396; x_wconf 71' lang='lat' dir='ltr'>moscus</span> <span class='ocrx_word' id='word_1_87' title='bbox 942 1362 1024 1396; x_wconf 90' lang='lat' dir='ltr'>MS.</span> <span class='ocrx_word' id='word_1_88' title='bbox 1046 1362 1195 1396; x_wconf 81' lang='lat' dir='ltr'>Mureti</span> <span class='ocrx_word' id='word_1_89' title='bbox 1216 1363 1323 1398; x_wconf 82' lang='lat' dir='ltr'>Varr.</span> <span class='ocrx_word' id='word_1_90' title='bbox 1346 1362 1453 1399; x_wconf 80' lang='lat' dir='ltr'>lectt.</span> 
     </span>
     <span class='ocr_line' id='line_1_14' title="bbox 126 1416 1451 1466; baseline 0.001 -12"><span class='ocrx_word' id='word_1_91' title='bbox 126 1425 190 1461; x_wconf 77' lang='lat'>²9»</span> <span class='ocrx_word' id='word_1_92' title='bbox 215 1424 251 1450; x_wconf 82' lang='lat'>2.</span> <span class='ocrx_word' id='word_1_93' title='bbox 282 1416 384 1452; x_wconf 86' lang='lat' dir='ltr'>unde</span> <span class='ocrx_word' id='word_1_94' title='bbox 402 1416 471 1452; x_wconf 84' lang='lat' dir='ltr'>ille</span> <span class='ocrx_word' id='word_1_95' title='bbox 491 1419 674 1454; x_wconf 81' lang='lat' dir='ltr'>nostrum.</span> <span class='ocrx_word' id='word_1_96' title='bbox 721 1417 882 1466; x_wconf 77' lang='lat' dir='ltr'>Reliqui</span> <span class='ocrx_word' id='word_1_97' title='bbox 904 1419 1030 1456; x_wconf 82' lang='lat' dir='ltr'>virtus,</span> <span class='ocrx_word' id='word_1_98' title='bbox 1058 1417 1290 1462; x_wconf 79' lang='lat' dir='ltr'>conjiciente</span> <span class='ocrx_word' id='word_1_99' title='bbox 1313 1419 1451 1466; x_wconf 76' lang='lat' dir='ltr'>Regio.</span> 
     </span>
     <span class='ocr_line' id='line_1_15' title="bbox 121 1469 1453 1524; baseline 0.005 -20"><span class='ocrx_word' id='word_1_100' title='bbox 121 1469 241 1506; x_wconf 84' lang='lat' dir='ltr'>Goth.</span> <span class='ocrx_word' id='word_1_101' title='bbox 271 1481 309 1506; x_wconf 85' lang='lat' dir='ltr'>et</span> <span class='ocrx_word' id='word_1_102' title='bbox 333 1473 439 1511; x_wconf 74' lang='lat' dir='ltr'>Voss&#39;.</span> <span class='ocrx_word' id='word_1_103' title='bbox 467 1483 504 1510; x_wconf 88' lang='lat'>2.</span> <span class='ocrx_word' id='word_1_104' title='bbox 534 1473 629 1510; x_wconf 84' lang='lat' dir='ltr'>haec</span> <span class='ocrx_word' id='word_1_105' title='bbox 670 1473 879 1510; x_wconf 78' lang='lat' dir='ltr'>omittunt:</span> <span class='ocrx_word' id='word_1_106' title='bbox 940 1485 1014 1507; x_wconf 85' lang='lat' dir='ltr'>non</span> <span class='ocrx_word' id='word_1_107' title='bbox 1045 1470 1083 1519; x_wconf 85' lang='lat' dir='ltr'>f.</span> <span class='ocrx_word' id='word_1_108' title='bbox 1115 1486 1162 1507; x_wconf 88' lang='lat' dir='ltr'>m.</span> <span class='ocrx_word' id='word_1_109' title='bbox 1203 1473 1453 1524; x_wconf 77' lang='lat' dir='ltr'>scribuntque</span> 
     </span>
    </p>
   </div>
   <div class='ocr_carea' id='block_1_7' title="bbox 111 1522 1454 1689">
    <p class='ocr_par' dir='ltr' id='par_1_9' title="bbox 111 1522 1454 1689">
     <span class='ocr_line' id='line_1_16' title="bbox 139 1537 1137 1562; baseline 0.007 -3"><span class='ocrx_word' id='word_1_110' title='bbox 139 1537 268 1562; x_wconf 76' lang='lat' dir='ltr'>etrum.</span> <span class='ocrx_word' id='word_1_111' title='bbox 1135 1559 1137 1561; x_wconf 89' lang='lat'>.</span> 
     </span>
     <span class='ocr_line' id='line_1_17' title="bbox 111 1522 1454 1634; baseline 0.004 -17"><span class='ocrx_word' id='word_1_112' title='bbox 111 1522 142 1572; x_wconf 65' lang='lat' dir='ltr'><em>f</em></span> <span class='ocrx_word' id='word_1_113' title='bbox 210 1595 275 1617; x_wconf 79' lang='grc' dir='ltr'>ιι.</span> <span class='ocrx_word' id='word_1_114' title='bbox 314 1583 430 1618; x_wconf 78' lang='lat' dir='ltr'>oritur</span> <span class='ocrx_word' id='word_1_115' title='bbox 450 1582 548 1633; x_wconf 84' lang='lat' dir='ltr'>subl.</span> <span class='ocrx_word' id='word_1_116' title='bbox 610 1584 673 1620; x_wconf 81' lang='lat' dir='ltr'>Sic</span> <span class='ocrx_word' id='word_1_117' title='bbox 701 1584 834 1620; x_wconf 80' lang='lat' dir='ltr'>Turic.</span> <span class='ocrx_word' id='word_1_118' title='bbox 858 1585 990 1633; x_wconf 83' lang='lat' dir='ltr'>Camp.</span> <span class='ocrx_word' id='word_1_119' title='bbox 1019 1583 1122 1621; x_wconf 83' lang='lat' dir='ltr'>Flor.</span> <span class='ocrx_word' id='word_1_120' title='bbox 1156 1587 1201 1631; x_wconf 82' lang='lat' dir='ltr'>(a</span> <span class='ocrx_word' id='word_1_121' title='bbox 1224 1600 1281 1634; x_wconf 87' lang='lat' dir='ltr'>pr.</span> <span class='ocrx_word' id='word_1_122' title='bbox 1305 1588 1454 1634; x_wconf 85' lang='lat' dir='ltr'>manu)</span> 
     </span>
     <span class='ocr_line' id='line_1_18' title="bbox 118 1636 1454 1689; baseline 0.005 -17"><span class='ocrx_word' id='word_1_123' title='bbox 118 1648 208 1672; x_wconf 88' lang='lat' dir='ltr'>cum</span> <span class='ocrx_word' id='word_1_124' title='bbox 222 1636 322 1673; x_wconf 85' lang='lat' dir='ltr'><strong>Alm.</strong></span> <span class='ocrx_word' id='word_1_125' title='bbox 354 1639 512 1689; x_wconf 84' lang='lat' dir='ltr'>Reliqui</span> <span class='ocrx_word' id='word_1_126' title='bbox 529 1641 700 1676; x_wconf 81' lang='lat' dir='ltr'>inserunt</span> <span class='ocrx_word' id='word_1_127' title='bbox 721 1643 826 1677; x_wconf 85' lang='lat' dir='ltr'>mira.</span> <span class='ocrx_word' id='word_1_128' title='bbox 940 1641 1074 1676; x_wconf 78' lang='lat' dir='ltr'>audaci</span> <span class='ocrx_word' id='word_1_129' title='bbox 1091 1661 1145 1668; x_wconf 92' lang='lat'>—</span> <span class='ocrx_word' id='word_1_130' title='bbox 1166 1643 1356 1678; x_wconf 83' lang='lat' dir='ltr'>tolluntur.</span> <span class='ocrx_word' id='word_1_131' title='bbox 1387 1643 1454 1680; x_wconf 77' lang='lat' dir='ltr'>Sic</span> 
     </span>
    </p>
   </div>
   <div class='ocr_carea' id='block_1_8' title="bbox 116 1692 1453 2192">
    <p class='ocr_par' dir='ltr' id='par_1_10' title="bbox 116 1692 1453 2192">
     <span class='ocr_line' id='line_1_19' title="bbox 118 1692 1452 1748; baseline 0.005 -20"><span class='ocrx_word' id='word_1_132' title='bbox 118 1692 252 1729; x_wconf 74' lang='lat' dir='ltr'>Turic-</span> <span class='ocrx_word' id='word_1_133' title='bbox 276 1694 378 1730; x_wconf 73' lang='lat' dir='ltr'>Hor.</span> <span class='ocrx_word' id='word_1_134' title='bbox 401 1696 528 1734; x_wconf 66' lang='lat' dir='ltr'>Gueif.</span> <span class='ocrx_word' id='word_1_135' title='bbox 549 1709 638 1731; x_wconf 88' lang='lat' dir='ltr'>cum</span> <span class='ocrx_word' id='word_1_136' title='bbox 657 1697 759 1733; x_wconf 73' lang='lat' dir='ltr'>Alm.</span> <span class='ocrx_word' id='word_1_137' title='bbox 788 1700 884 1742; x_wconf 85' lang='lat' dir='ltr'>(nec</span> <span class='ocrx_word' id='word_1_138' title='bbox 907 1706 944 1731; x_wconf 86' lang='lat' dir='ltr'>et</span> <span class='ocrx_word' id='word_1_139' title='bbox 966 1697 1015 1732; x_wconf 83' lang='lat' dir='ltr'>est</span> <span class='ocrx_word' id='word_1_140' title='bbox 1038 1710 1057 1732; x_wconf 76' lang='lat' dir='ltr'>a</span> <span class='ocrx_word' id='word_1_141' title='bbox 1078 1698 1310 1744; x_wconf 80' lang='lat' dir='ltr'>conjectura,</span> <span class='ocrx_word' id='word_1_142' title='bbox 1342 1699 1452 1748; x_wconf 85' lang='lat' dir='ltr'>quod</span> 
     </span>
     <span class='ocr_line' id='line_1_20' title="bbox 117 1749 1449 1802; baseline 0.007 -19"><span class='ocrx_word' id='word_1_143' title='bbox 117 1749 326 1799; x_wconf 77' lang='lat' dir='ltr'>suspicatur</span> <span class='ocrx_word' id='word_1_144' title='bbox 355 1752 561 1792; x_wconf 78' lang='lat' dir='ltr'>Gesnerus,</span> <span class='ocrx_word' id='word_1_145' title='bbox 603 1765 822 1802; x_wconf 86' lang='lat' dir='ltr'>quanquam</span> <span class='ocrx_word' id='word_1_146' title='bbox 845 1766 892 1788; x_wconf 84' lang='lat' dir='ltr'>ex</span> <span class='ocrx_word' id='word_1_147' title='bbox 917 1752 1019 1789; x_wconf 83' lang='lat' dir='ltr'><strong>Alm.</strong></span> <span class='ocrx_word' id='word_1_148' title='bbox 1048 1765 1127 1788; x_wconf 88' lang='lat' dir='ltr'>non</span> <span class='ocrx_word' id='word_1_149' title='bbox 1155 1755 1365 1802; x_wconf 79' lang='lat' dir='ltr'>profertur.</span> <span class='ocrx_word' id='word_1_150' title='bbox 1400 1756 1449 1793; x_wconf 87' lang='lat' dir='ltr'>ef.</span> 
     </span>
     <span class='ocr_line' id='line_1_21' title="bbox 118 1807 1451 1857; baseline 0.003 -15"><span class='ocrx_word' id='word_1_151' title='bbox 118 1811 156 1851; x_wconf 83' lang='lat'>8,</span> <span class='ocrx_word' id='word_1_152' title='bbox 179 1812 215 1850; x_wconf 80' lang='grc'>5,</span> <span class='ocrx_word' id='word_1_153' title='bbox 238 1812 300 1851; x_wconf 76' lang='lat'>24.</span> <span class='ocrx_word' id='word_1_154' title='bbox 330 1807 425 1843; x_wconf 84' lang='lat' dir='ltr'>item</span> <span class='ocrx_word' id='word_1_155' title='bbox 445 1807 510 1844; x_wconf 84' lang='lat' dir='ltr'>hie</span> <span class='ocrx_word' id='word_1_156' title='bbox 531 1810 692 1857; x_wconf 77' lang='lat'>§.19.)</span> <span class='ocrx_word' id='word_1_157' title='bbox 732 1809 910 1844; x_wconf 76' lang='lat' dir='ltr'>audaciae</span> <span class='ocrx_word' id='word_1_158' title='bbox 934 1811 1107 1857; x_wconf 77' lang='lat' dir='ltr'>proxima</span> <span class='ocrx_word' id='word_1_159' title='bbox 1136 1811 1299 1857; x_wconf 80' lang='lat' dir='ltr'>periculo</span> <span class='ocrx_word' id='word_1_160' title='bbox 1330 1819 1451 1847; x_wconf 81' lang='lat' dir='ltr'>trans-</span> 
     </span>
     <span class='ocr_line' id='line_1_22' title="bbox 116 1860 1453 1915; baseline 0.006 -20"><span class='ocrx_word' id='word_1_161' title='bbox 116 1860 270 1897; x_wconf 77' lang='lat' dir='ltr'>lationis</span> <span class='ocrx_word' id='word_1_162' title='bbox 297 1863 482 1899; x_wconf 79' lang='lat' dir='ltr'>attollitur</span> <span class='ocrx_word' id='word_1_163' title='bbox 504 1863 606 1900; x_wconf 88' lang='lat' dir='ltr'>Flor.</span> <span class='ocrx_word' id='word_1_164' title='bbox 629 1869 678 1909; x_wconf 78' lang='lat' dir='ltr'>(a</span> <span class='ocrx_word' id='word_1_165' title='bbox 700 1865 768 1901; x_wconf 83' lang='lat' dir='ltr'>see.</span> <span class='ocrx_word' id='word_1_166' title='bbox 790 1866 934 1910; x_wconf 86' lang='lat' dir='ltr'>manu)</span> <span class='ocrx_word' id='word_1_167' title='bbox 967 1866 1099 1915; x_wconf 84' lang='lat' dir='ltr'>Camp.</span> <span class='ocrx_word' id='word_1_168' title='bbox 1123 1865 1223 1914; x_wconf 77' lang='lat' dir='ltr'>(nisi</span> <span class='ocrx_word' id='word_1_169' title='bbox 1252 1867 1358 1915; x_wconf 87' lang='lat' dir='ltr'>quod</span> <span class='ocrx_word' id='word_1_170' title='bbox 1382 1868 1453 1904; x_wconf 76' lang='lat' dir='ltr'>hio</span> 
     </span>
     <span class='ocr_line' id='line_1_23' title="bbox 117 1917 1452 1971; baseline 0.005 -19"><span class='ocrx_word' id='word_1_171' title='bbox 117 1917 264 1963; x_wconf 74' lang='lat' dir='ltr'>audie.)</span> <span class='ocrx_word' id='word_1_172' title='bbox 298 1931 386 1955; x_wconf 88' lang='lat' dir='ltr'>cum</span> <span class='ocrx_word' id='word_1_173' title='bbox 421 1919 537 1957; x_wconf 89' lang='lat' dir='ltr'>Goth.</span> <span class='ocrx_word' id='word_1_174' title='bbox 572 1921 673 1958; x_wconf 76' lang='lat' dir='ltr'>Vols.</span> <span class='ocrx_word' id='word_1_175' title='bbox 698 1932 735 1958; x_wconf 77' lang='lat'>2.</span> <span class='ocrx_word' id='word_1_176' title='bbox 769 1932 805 1957; x_wconf 90' lang='lat' dir='ltr'>et</span> <span class='ocrx_word' id='word_1_177' title='bbox 838 1921 922 1957; x_wconf 82' lang='lat' dir='ltr'>edd.</span> <span class='ocrx_word' id='word_1_178' title='bbox 955 1932 1041 1957; x_wconf 81' lang='lat' dir='ltr'>ante</span> <span class='ocrx_word' id='word_1_179' title='bbox 1074 1923 1186 1958; x_wconf 85' lang='lat' dir='ltr'>Leid.</span> <span class='ocrx_word' id='word_1_180' title='bbox 1220 1923 1317 1967; x_wconf 76' lang='lat' dir='ltr'>(nisi</span> <span class='ocrx_word' id='word_1_181' title='bbox 1341 1923 1452 1971; x_wconf 81' lang='lat' dir='ltr'>quod.</span> 
     </span>
     <span class='ocr_line' id='line_1_24' title="bbox 118 1971 1451 2025; baseline 0.005 -18"><span class='ocrx_word' id='word_1_182' title='bbox 118 1973 241 2009; x_wconf 86' lang='lat' dir='ltr'>Stoer.</span> <span class='ocrx_word' id='word_1_183' title='bbox 266 1985 303 2010; x_wconf 88' lang='lat' dir='ltr'>et</span> <span class='ocrx_word' id='word_1_184' title='bbox 323 1974 478 2011; x_wconf 82' lang='lat' dir='ltr'>Chouet</span> <span class='ocrx_word' id='word_1_185' title='bbox 495 1976 578 2025; x_wconf 88' lang='lat' dir='ltr'>post</span> <span class='ocrx_word' id='word_1_186' title='bbox 596 1977 783 2015; x_wconf 72' lang='lat' dir='ltr'>attollitur</span> <span class='ocrx_word' id='word_1_187' title='bbox 807 1977 1046 2025; x_wconf 79' lang='lat' dir='ltr'>praepostere</span> <span class='ocrx_word' id='word_1_188' title='bbox 1074 1978 1220 2013; x_wconf 83' lang='lat' dir='ltr'>addunt</span> <span class='ocrx_word' id='word_1_189' title='bbox 1240 1971 1451 2022; x_wconf 56' lang='lat' dir='ltr'>tolluntur)</span> 
     </span>
     <span class='ocr_line' id='line_1_25' title="bbox 117 2030 1450 2081; baseline 0.005 -18"><span class='ocrx_word' id='word_1_190' title='bbox 117 2039 198 2076; x_wconf 80' lang='lat' dir='ltr'>quo</span> <span class='ocrx_word' id='word_1_191' title='bbox 222 2036 296 2064; x_wconf 78' lang='lat' dir='ltr'>aec.</span> <span class='ocrx_word' id='word_1_192' title='bbox 317 2030 419 2066; x_wconf 80' lang='lat' dir='ltr'>Gibs.</span> <span class='ocrx_word' id='word_1_193' title='bbox 441 2032 601 2079; x_wconf 83' lang='lat' dir='ltr'>Capper.</span> <span class='ocrx_word' id='word_1_194' title='bbox 623 2031 727 2067; x_wconf 85' lang='lat' dir='ltr'>Roll.</span> <span class='ocrx_word' id='word_1_195' title='bbox 767 2032 952 2068; x_wconf 78' lang='lat' dir='ltr'>Nostrum</span> <span class='ocrx_word' id='word_1_196' title='bbox 975 2032 1121 2081; x_wconf 83' lang='lat' dir='ltr'>reliqui</span> <span class='ocrx_word' id='word_1_197' title='bbox 1145 2033 1252 2069; x_wconf 84' lang='lat' dir='ltr'>editi.</span> <span class='ocrx_word' id='word_1_198' title='bbox 1294 2033 1450 2070; x_wconf 69' lang='lat' dir='ltr'>Voffius</span> 
     </span>
     <span class='ocr_line' id='line_1_26' title="bbox 116 2081 1448 2137; baseline 0.007 -21"><span class='ocrx_word' id='word_1_199' title='bbox 116 2081 239 2119; x_wconf 79' lang='lat' dir='ltr'>Inftit.</span> <span class='ocrx_word' id='word_1_200' title='bbox 263 2084 368 2120; x_wconf 79' lang='lat' dir='ltr'>Orat.</span> <span class='ocrx_word' id='word_1_201' title='bbox 391 2091 428 2128; x_wconf 83' lang='grc'>4,</span> <span class='ocrx_word' id='word_1_202' title='bbox 450 2086 485 2127; x_wconf 88' lang='lat'>6,</span> <span class='ocrx_word' id='word_1_203' title='bbox 511 2086 546 2122; x_wconf 77' lang='lat'>6.</span> <span class='ocrx_word' id='word_1_204' title='bbox 570 2100 607 2135; x_wconf 93' lang='lat' dir='ltr'>p.</span> <span class='ocrx_word' id='word_1_205' title='bbox 630 2095 694 2134; x_wconf 80' lang='lat'>98.</span> <span class='ocrx_word' id='word_1_206' title='bbox 723 2087 879 2122; x_wconf 81' lang='lat' dir='ltr'>alteram</span> <span class='ocrx_word' id='word_1_207' title='bbox 900 2087 1128 2137; x_wconf 82' lang='lat' dir='ltr'>scripturam</span> <span class='ocrx_word' id='word_1_208' title='bbox 1149 2099 1272 2130; x_wconf 83' lang='lat' dir='ltr'>tenet,</span> <span class='ocrx_word' id='word_1_209' title='bbox 1302 2089 1365 2124; x_wconf 84' lang='lat' dir='ltr'>sed</span> <span class='ocrx_word' id='word_1_210' title='bbox 1385 2090 1448 2126; x_wconf 82' lang='lat' dir='ltr'>vi·</span> 
     </span>
     <span class='ocr_line' id='line_1_27' title="bbox 118 2136 928 2192; baseline 0.007 -19"><span class='ocrx_word' id='word_1_211' title='bbox 118 2136 180 2173; x_wconf 77' lang='lat' dir='ltr'>dit</span> <span class='ocrx_word' id='word_1_212' title='bbox 199 2149 326 2176; x_wconf 78' lang='lat' dir='ltr'>tamen</span> <span class='ocrx_word' id='word_1_213' title='bbox 345 2140 389 2176; x_wconf 82' lang='lat' dir='ltr'>in</span> <span class='ocrx_word' id='word_1_214' title='bbox 403 2141 530 2179; x_wconf 61' lang='lat' dir='ltr'>,verbo</span> <span class='ocrx_word' id='word_1_215' title='bbox 552 2143 702 2191; x_wconf 78' lang='lat' dir='ltr'>requiri</span> <span class='ocrx_word' id='word_1_216' title='bbox 721 2142 928 2192; x_wconf 81' lang='lat' dir='ltr'>pluralem.</span> 
     </span>
    </p>
   </div>
   <div class='ocr_carea' id='block_1_9' title="bbox 63 2263 1448 2818">
    <p class='ocr_par' dir='ltr' id='par_1_11' title="bbox 63 2263 1448 2818">
     <span class='ocr_line' id='line_1_28' title="bbox 147 2263 1448 2316; baseline 0.006 -18"><span class='ocrx_word' id='word_1_217' title='bbox 147 2302 150 2303; x_wconf 16' lang='lat'><em>⁷</em></span> <span class='ocrx_word' id='word_1_218' title='bbox 172 2264 316 2300; x_wconf 72' lang='lat' dir='ltr'>vertice.</span> <span class='ocrx_word' id='word_1_219' title='bbox 347 2263 394 2300; x_wconf 88' lang='lat' dir='ltr'>cf.</span> <span class='ocrx_word' id='word_1_220' title='bbox 417 2270 454 2309; x_wconf 85' lang='lat'>8,</span> <span class='ocrx_word' id='word_1_221' title='bbox 478 2275 514 2307; x_wconf 86' lang='lat'>2,</span> <span class='ocrx_word' id='word_1_222' title='bbox 537 2275 574 2310; x_wconf 89' lang='lat'>7.</span> <span class='ocrx_word' id='word_1_223' title='bbox 607 2267 754 2316; x_wconf 86' lang='lat' dir='ltr'>Cappe-</span> <span class='ocrx_word' id='word_1_224' title='bbox 810 2277 958 2302; x_wconf 84' lang='lat' dir='ltr'>cturam</span> <span class='ocrx_word' id='word_1_225' title='bbox 970 2265 1082 2303; x_wconf 81' lang='lat' dir='ltr'>valde</span> <span class='ocrx_word' id='word_1_226' title='bbox 1103 2267 1265 2316; x_wconf 81' lang='lat' dir='ltr'>gemella</span> <span class='ocrx_word' id='word_1_227' title='bbox 1283 2268 1448 2307; x_wconf 80' lang='lat' dir='ltr'>illustrat</span> 
     </span>
     <span class='ocr_line' id='line_1_29' title="bbox 116 2319 1446 2372; baseline 0.006 -18"><span class='ocrx_word' id='word_1_228' title='bbox 116 2319 323 2355; x_wconf 79' lang='lat' dir='ltr'>ronnerius</span> <span class='ocrx_word' id='word_1_229' title='bbox 346 2320 511 2368; x_wconf 84' lang='lat' dir='ltr'>defignat</span> <span class='ocrx_word' id='word_1_230' title='bbox 539 2322 681 2359; x_wconf 81' lang='lat' dir='ltr'>Charis.</span> <span class='ocrx_word' id='word_1_231' title='bbox 713 2336 752 2372; x_wconf 86' lang='lat' dir='ltr'>p.</span> <span class='ocrx_word' id='word_1_232' title='bbox 809 2323 997 2359; x_wconf 79' lang='lat' dir='ltr'>Gesnerus</span> <span class='ocrx_word' id='word_1_233' title='bbox 1037 2325 1140 2359; x_wconf 82' lang='lat' dir='ltr'>Sext.</span> <span class='ocrx_word' id='word_1_234' title='bbox 1170 2325 1302 2360; x_wconf 85' lang='lat' dir='ltr'>Aurel.</span> <span class='ocrx_word' id='word_1_235' title='bbox 1339 2327 1446 2363; x_wconf 85' lang='lat' dir='ltr'>Vict.</span> 
     </span>
     <span class='ocr_line' id='line_1_30' title="bbox 116 2375 1444 2428; baseline 0.007 -19"><span class='ocrx_word' id='word_1_236' title='bbox 116 2380 210 2419; x_wconf 73' lang='lat'>243.</span> <span class='ocrx_word' id='word_1_237' title='bbox 239 2375 388 2412; x_wconf 83' lang='lat' dir='ltr'>Putsch.</span> <span class='ocrx_word' id='word_1_238' title='bbox 433 2378 563 2413; x_wconf 87' lang='lat' dir='ltr'>eadem</span> <span class='ocrx_word' id='word_1_239' title='bbox 595 2379 752 2425; x_wconf 82' lang='lat' dir='ltr'>Quinti·</span> <span class='ocrx_word' id='word_1_240' title='bbox 805 2379 910 2427; x_wconf 84' lang='lat' dir='ltr'>Epit.</span> <span class='ocrx_word' id='word_1_241' title='bbox 930 2384 991 2422; x_wconf 74' lang='lat'>14,</span> <span class='ocrx_word' id='word_1_242' title='bbox 1014 2389 1048 2415; x_wconf 75' lang='lat'>2.</span> <span class='ocrx_word' id='word_1_243' title='bbox 1070 2393 1107 2428; x_wconf 90' lang='lat' dir='ltr'>p.</span> <span class='ocrx_word' id='word_1_244' title='bbox 1127 2381 1331 2416; x_wconf 83' lang='lat' dir='ltr'>Arutzenii</span> <span class='ocrx_word' id='word_1_245' title='bbox 1351 2389 1444 2425; x_wconf 75' lang='lat'>515.</span> 
     </span>
     <span class='ocr_line' id='line_1_31' title="bbox 114 2427 1446 2475; baseline 0.006 -11"><span class='ocrx_word' id='word_1_246' title='bbox 114 2427 221 2465; x_wconf 79' lang='lat' dir='ltr'>liano</span> <span class='ocrx_word' id='word_1_247' title='bbox 281 2431 506 2475; x_wconf 82' lang='lat' dir='ltr'>docentem,</span> <span class='ocrx_word' id='word_1_248' title='bbox 572 2434 750 2473; x_wconf 77' lang='lat' dir='ltr'>adhibito</span> <span class='ocrx_word' id='word_1_249' title='bbox 807 2434 854 2470; x_wconf 82' lang='lat' dir='ltr'>de</span> <span class='ocrx_word' id='word_1_250' title='bbox 883 2435 1082 2470; x_wconf 75' lang='lat' dir='ltr'>Hadriano</span> <span class='ocrx_word' id='word_1_251' title='bbox 1119 2437 1242 2471; x_wconf 78' lang='lat' dir='ltr'>Fictor</span> <span class='ocrx_word' id='word_1_252' title='bbox 1277 2429 1322 2471; x_wconf 53' lang='lat' dir='ltr'>ei</span> <span class='ocrx_word' id='word_1_253' title='bbox 1359 2451 1446 2472; x_wconf 76' lang='lat' dir='ltr'>aere</span> 
     </span>
     <span class='ocr_line' id='line_1_32' title="bbox 113 2481 1444 2543; baseline 0.007 -23"><span class='ocrx_word' id='word_1_254' title='bbox 113 2487 226 2520; x_wconf 79' lang='lat' dir='ltr'>versu</span> <span class='ocrx_word' id='word_1_255' title='bbox 246 2487 406 2522; x_wconf 72' lang='lat' dir='ltr'>Aeneid.</span> <span class='ocrx_word' id='word_1_256' title='bbox 430 2496 466 2531; x_wconf 84' lang='lat'>5,</span> <span class='ocrx_word' id='word_1_257' title='bbox 490 2481 576 2533; x_wconf 60' lang='lat'>55⁰„</span> <span class='ocrx_word' id='word_1_258' title='bbox 606 2501 644 2526; x_wconf 88' lang='lat' dir='ltr'>et</span> <span class='ocrx_word' id='word_1_259' title='bbox 665 2491 750 2526; x_wconf 67' lang='lat' dir='ltr'>fuh-</span> <span class='ocrx_word' id='word_1_260' title='bbox 805 2491 865 2526; x_wconf 81' lang='lat' dir='ltr'>vel</span> <span class='ocrx_word' id='word_1_261' title='bbox 886 2504 1066 2526; x_wconf 83' lang='lat' dir='ltr'>marmore</span> <span class='ocrx_word' id='word_1_262' title='bbox 1087 2494 1255 2540; x_wconf 81' lang='lat' dir='ltr'>proxime</span> <span class='ocrx_word' id='word_1_263' title='bbox 1271 2493 1444 2543; x_wconf 81' lang='lat' dir='ltr'>Polycle-</span> 
     </span>
     <span class='ocr_line' id='line_1_33' title="bbox 111 2540 1223 2596; baseline 0.007 -21"><span class='ocrx_word' id='word_1_264' title='bbox 111 2540 313 2588; x_wconf 84' lang='lat' dir='ltr'>jieientcm</span> <span class='ocrx_word' id='word_1_265' title='bbox 344 2557 412 2590; x_wconf 87' lang='lat' dir='ltr'>pro</span> <span class='ocrx_word' id='word_1_266' title='bbox 442 2548 623 2581; x_wconf 83' lang='lat' dir='ltr'>cacumine</span> <span class='ocrx_word' id='word_1_267' title='bbox 655 2560 749 2582; x_wconf 81' lang='lat' dir='ltr'>nunc</span> <span class='ocrx_word' id='word_1_268' title='bbox 805 2555 863 2582; x_wconf 82' lang='lat' dir='ltr'>tos</span> <span class='ocrx_word' id='word_1_269' title='bbox 884 2555 921 2582; x_wconf 80' lang='lat' dir='ltr'>et</span> <span class='ocrx_word' id='word_1_270' title='bbox 943 2545 1223 2596; x_wconf 79' lang='lat' dir='ltr'>Euplzranoras.</span> 
     </span>
     <span class='ocr_line' id='line_1_34' title="bbox 114 2599 1249 2651; baseline 0.009 -20"><span class='ocrx_word' id='word_1_271' title='bbox 114 2599 286 2633; x_wconf 83' lang='lat' dir='ltr'>verticem</span> <span class='ocrx_word' id='word_1_272' title='bbox 305 2599 420 2639; x_wconf 74' lang='lat' dir='ltr'>dixit,</span> <span class='ocrx_word' id='word_1_273' title='bbox 449 2604 512 2651; x_wconf 83' lang='lat' dir='ltr'>qui</span> <span class='ocrx_word' id='word_1_274' title='bbox 530 2599 580 2649; x_wconf 81' lang='lat' dir='ltr'>efi</span> <span class='ocrx_word' id='word_1_275' title='bbox 608 2604 749 2638; x_wconf 77' lang='lat' dir='ltr'>anima·</span> <span class='ocrx_word' id='word_1_276' title='bbox 823 2631 825 2633; x_wconf 84' lang='lat'><em>-</em></span> <span class='ocrx_word' id='word_1_277' title='bbox 849 2626 851 2630; x_wconf 88' lang='lat'><em>.</em></span> <span class='ocrx_word' id='word_1_278' title='bbox 1244 2636 1249 2641; x_wconf 23' lang='grc' dir='ltr'>χ</span> 
     </span>
     <span class='ocr_line' id='line_1_35' title="bbox 63 2651 1442 2707; baseline 0.008 -20"><span class='ocrx_word' id='word_1_279' title='bbox 63 2665 65 2667; x_wconf 62' lang='grc'><strong><em>’</em></strong></span> <span class='ocrx_word' id='word_1_280' title='bbox 113 2651 217 2688; x_wconf 76' lang='lat' dir='ltr'>lium.</span> <span class='ocrx_word' id='word_1_281' title='bbox 860 2659 1015 2696; x_wconf 78' lang='lat' dir='ltr'>Pontem</span> <span class='ocrx_word' id='word_1_282' title='bbox 1035 2659 1260 2707; x_wconf 77' lang='lat' dir='ltr'>indignatus.</span> <span class='ocrx_word' id='word_1_283' title='bbox 1278 2661 1442 2699; x_wconf 69' lang='lat' dir='ltr'>Aeneia,</span> 
     </span>
     <span class='ocr_line' id='line_1_36' title="bbox 175 2712 1442 2768; baseline 0.009 -25"><span class='ocrx_word' id='word_1_284' title='bbox 175 2722 236 2744; x_wconf 82' lang='lat'>11.</span> <span class='ocrx_word' id='word_1_285' title='bbox 267 2713 435 2758; x_wconf 69' lang='lat' dir='ltr'>proxime</span> <span class='ocrx_word' id='word_1_286' title='bbox 452 2712 663 2760; x_wconf 79' lang='lat' dir='ltr'>periculum.</span> <span class='ocrx_word' id='word_1_287' title='bbox 684 2714 747 2751; x_wconf 73' lang='lat' dir='ltr'>De</span> <span class='ocrx_word' id='word_1_288' title='bbox 804 2721 842 2760; x_wconf 83' lang='lat'>3,</span> <span class='ocrx_word' id='word_1_289' title='bbox 878 2721 972 2760; x_wconf 81' lang='lat'>728-</span> <span class='ocrx_word' id='word_1_290' title='bbox 1015 2715 1095 2751; x_wconf 84' lang='lat' dir='ltr'>Cic.</span> <span class='ocrx_word' id='word_1_291' title='bbox 1130 2729 1203 2766; x_wconf 84' lang='lat' dir='ltr'>pro</span> <span class='ocrx_word' id='word_1_292' title='bbox 1232 2717 1321 2768; x_wconf 80' lang='lat' dir='ltr'>Lig.</span> <span class='ocrx_word' id='word_1_293' title='bbox 1348 2731 1380 2755; x_wconf 90' lang='lat' dir='ltr'>c.</span> <span class='ocrx_word' id='word_1_294' title='bbox 1402 2727 1442 2763; x_wconf 80' lang='grc'>5.</span> 
     </span>
     <span class='ocr_line' id='line_1_37' title="bbox 111 2764 1143 2818; baseline 0.008 -18"><span class='ocrx_word' id='word_1_295' title='bbox 111 2764 274 2814; x_wconf 76' lang='lat' dir='ltr'>periculo</span> <span class='ocrx_word' id='word_1_296' title='bbox 297 2766 388 2804; x_wconf 80' lang='lat' dir='ltr'>vide</span> <span class='ocrx_word' id='word_1_297' title='bbox 410 2774 447 2814; x_wconf 81' lang='lat'>8,</span> <span class='ocrx_word' id='word_1_298' title='bbox 471 2779 508 2811; x_wconf 90' lang='lat'>2,</span> <span class='ocrx_word' id='word_1_299' title='bbox 531 2779 597 2808; x_wconf 78' lang='lat'>20.</span> <span class='ocrx_word' id='word_1_300' title='bbox 640 2772 747 2811; x_wconf 73' lang='lat' dir='ltr'>Stru-</span> <span class='ocrx_word' id='word_1_301' title='bbox 800 2770 962 2809; x_wconf 74' lang='lat' dir='ltr'>Aeneid.</span> <span class='ocrx_word' id='word_1_302' title='bbox 988 2782 1024 2818; x_wconf 86' lang='lat'>9,</span> <span class='ocrx_word' id='word_1_303' title='bbox 1049 2780 1143 2818; x_wconf 74' lang='lat'><strong>775.</strong></span> 
     </span>
    </p>
   </div>
   <div class='ocr_carea' id='block_1_10' title="bbox 891 2840 984 2877">
    <p class='ocr_par' dir='ltr' id='par_1_12' title="bbox 891 2840 984 2877">
     <span class='ocr_line' id='line_1_38' title="bbox 891 2840 984 2877; baseline 0.022 -2"><span class='ocrx_word' id='word_1_304' title='bbox 891 2840 984 2877; x_wconf 76' lang='lat'>152</span> 
     </span>
    </p>
   </div>
  </div>
 </body>
</html>
