1586 2990
231 151 249 238 ᾗ
272 172 434 221 mer.
483 149 760 218 om‘ron.
804 167 924 247 nm.
962 166 1070 224 vn,
1110 151 1155 213 i.

1303 172 1372 224 47

41 300 153 353 ulla
181 295 419 365 exulis-52)
469 295 714 363 Rusticus
743 283 802 344 in
830 303 1056 359 utraque
1086 302 1232 359 parte
1269 291 1370 342 du·-

18 367 195 437 §ium
217 375 355 427 facit.
433 373 674 426 Disertus
697 383 748 422 et
776 368 947 423 verbis
979 367 1272 429 inhaerebit,
1311 371 1370 419 in
1384 386 1436 427 53

122 526 303 578 Rustic-usi
360 529 492 566 Turic.
522 526 650 564 Guelf.
676 514 893 575 sbholastt'ca
923 537 1011 561 cum
1041 523 1154 561 libris
1186 523 1371 560 omnibus
1411 562 1414 566 ,

42 597 130 624 ante
158 585 247 622 Ald.
275 586 352 635 ‘qui
381 586 551 622 nostrum
584 583 761 620 suadente
802 581 947 630 Regio,
989 581 1059 618 nisi
1091 581 1196 630 qnod
1236 581 1370 630 Camp-

35 638 275 692 Jcholasticus
303 655 391 677 cum
421 641 542 677 Andr.
565 651 602 677 et
632 641 791 688 Capper.
842 637 956 686 Regii
984 651 1115 674 veram
1140 638 1211 673 effe
1244 650 1371 672 emen·

45 696 241 734 dationem
261 697 393 735 nullus
413 698 575 739 dubito;
606 695 718 732 facile
742 695 844 730 enim
869 694 985 729 exulis
1006 691 1156 742 rusticus
1176 708 1195 729 a
1217 694 1371 730 somno·

42 752 160 790 lento>
179 752 345 790 librario
377 754 552 803 primum
574 750 871 788 contrahebatur
895 750 939 786 in
968 747 1192 798 exalisticus,
1233 750 1372 787 deinde

40 808 87 845 in
106 810 240 845 notius
262 809 364 844 illud
384 810 502 845 exulis
516 805 755 858 scholasticus
775 807 916 846 abibat,
948 807 1050 842 unde
1074 808 1225 843 tandem
1252 805 1374 848 fieret,

41 864 150 915 quod
171 864 400 901 tralatitium
421 875 501 901 erat
519 864 687 914 antiquis
709 876 866 913 quoque
879 861 1116 904 rhetoribus,
1141 864 1256 899 exulis
1269 862 1376 912 scho-

41 987 202 1037 quidem
223 986 420 1024 blanditur
439 988 570 1023 eadem
583 1000 678 1036 quae

42 1044 210 1081 Geffiero
259 1044 448 1085 mutatio,
498 1042 679 1092 scriptam

36 1097 114 1152 ῥέα
153 1097 344 1148 scriptum.
400 1101 517 1136 Recte
552 1111 677 1136 tamen

39 1167 198 1190 manum
225 1155 412 1191 abstinuit
431 1156 548 1192 idem.
596 1155 678 1191 Ob-

39 1211 258 1247 versabatur
288 1212 359 1259 Qu.
391 1225 534 1248 nomen
564 1226 678 1261 quae·

38 1266 172 1303 hienis
193 1266 344 1316 „scripti
367 1279 404 1304 et
422 1268 678 1308 voluntatis,“

38 1322 143 1359 unde
182 1323 341 1360 devenit
387 1324 435 1360 ad
472 1324 570 1360 hanc
599 1325 676 1360 for-

39 1392 163 1414 mam:
199 1380 272 1421 „de
298 1381 478 1420 advocato
509 1382 677 1418 damnati

38 1447 148 1478 „non
185 1436 309 1485 potest
346 1438 558 1486 quidquam
605 1438 676 1473 effe

39 1491 290 1541 „seriptum-‘⁶
320 1493 497 1539 Quorum
518 1495 677 1542 quidem

41 1547 255 1583 verborum
306 1561 347 1583 ea
386 1549 436 1584 est
474 1550 677 1586 sententia:

39 1603 179 1640 Exulis
209 1605 322 1648 (nam
345 1604 379 1640 is
402 1605 451 1640 est
472 1606 679 1643 advocatus

41 1658 236 1705 damnati)
258 1659 364 1696 nulla
384 1663 532 1698 mentio
547 1662 681 1711 potuit

41 1713 129 1751 fieri
155 1716 198 1751 in
234 1715 313 1751 ulla
349 1716 445 1766 lege.
503 1719 555 1754 At
583 1718 677 1753 facta

43 1772 143 1814 effet,
170 1773 196 1807 fi
219 1773 430 1822 quidquam
452 1774 678 1810 statueretur

39 1827 85 1863 in
123 1829 205 1876 ejus
238 1831 510 1873 commodum,
551 1830 678 1867 veluti

40 1894 89 1927 ιε,
106 1883 208 1921 solus
220 1885 409 1934 acciperet
426 1886 676 1923 hereditatem

41 1941 182 1989 patria:
211 1955 286 1983 „an
297 1942 438 1991 possint
454 1945 585 1979 enim“
608 1954 677 1979 cet.

99 2049 267 2100 Rusticus
295 2071 352 2082 -—·
375 2053 485 2102 facit.
543 2056 678 2103 „Quid

44 2107 123 2147 „est
144 2109 181 2141 in
206 2117 371 2157 utraque
385 2113 521 2158 parte?
578 2114 677 2146 Puto

44 2161 198 2212 „scdpti
217 2174 256 2199 et
278 2164 508 2213 sententiae,-
546 2180 679 2214 quem-

42 2219 280 2268 „a'dmedum
341 2222 454 2258 etiam
519 2222 679 2258 disertus

44 2285 232 2324 ,ultraque
264 2284 491 2327 repugnat.“
543 2280 678 2314 Gesne-

42 2341 122 2366 rus.
169 2333 278 2368 Hanc
300 2334 477 2382 equidem
501 2335 677 2370 omnium

48 2387 232 2435 optimam
254 2390 323 2426 effe
343 2391 472 2426 censeo
493 2391 678 2440 inter-pre·

47 2443 230 2489 tationem
279 2447 511 2489 verborum,
582 2461 677 2496 quae

45 2511 126 2534 nou
154 2512 287 2537 curant
316 2502 460 2551 reliqui
489 2505 678 2552 iuterpre-

46 2565 112 2590 tes.
142 2557 384 2606 ‚Quanquam
405 2573 485 2596 non
506 2561 591 2596 satis
614 2574 677 2608 ap·

44 2622 173 2661 paret,
219 2614 418 2662 quomodo
453 2617 495 2651 in
536 2616 676 2665 scripto

45 2667 160 2716 poffit'
179 2669 343 2716 dubium
366 2671 486 2708 facere
505 2672 676 2712 rusticus,

45 2724 115 2759 nifi
144 2725 251 2774 quod
278 2726 441 2762 alterum
462 2727 564 2770 illud
590 2729 678 2764 scri·

734 996 846 1035 ptum
878 985 1058 1028 adhibet,
1101 998 1180 1034 quo
1212 986 1377 1022 exilium

733 1042 930 1090 irrogatur
971 1042 1159 1078 advocato
1194 1043 1376 1079 damnati.

733 1098 805 1133 Sed
839 1098 879 1132 id
910 1094 1033 1147 magis
1070 1110 1195 1134 tamen
1239 1100 1378 1147 spectat

735 1154 779 1189 ad
801 1155 1034 1192 sententiam.
1073 1156 1270 1205 Utramque
1289 1169 1376 1204 pur·

736 1221 807 1245 tem
847 1210 951 1246 enim
993 1212 1143 1247 trahere
1182 1226 1252 1252 eo,
1293 1211 1376 1262 sive

734 1266 885 1315 affuerit
905 1264 995 1317 five‘
1015 1283 1088 1306 non
1111 1268 1282 1317 affuerit,
1314 1264 1377 1303 ni-'

731 1323 794 1372 hil
841 1324 958 1360 habet
1004 1326 1108 1362 sanae
1152 1326 1374 1361 sententiae.

735 1377 946 1428 Gedoynus
978 1382 1070 1419 duas
1101 1393 1226 1432 partes
1258 1393 1377 1430 agno-

733 1436 800 1472 scit
821 1448 857 1473 et
875 1438 917 1472 iu
940 1438 1116 1474 damnato
1141 1449 1177 1474 et
1197 1438 1240 1474 in
1261 1439 1376 1473 advo-

734 1501 827 1533 cato,
856 1507 1075 1542 quanquam
1098 1496 1131 1531 is
1153 1495 1263 1543 supra
1287 1506 1379 1529 cum

736 1550 1019 1586 recentioribus
1041 1552 1087 1586 de
1106 1565 1178 1587 non
1194 1551 1376 1586 advocato

736 1603 834 1652 legit
863 1619 936 1654 pro
967 1608 1017 1641 de-
1041 1608 1234 1644 advocato.
1286 1608 1377 1643 Hoc

735 1661 761 1694 fi
793 1661 951 1698 volebat
988 1664 1062 1710 Qu.
1102 1663 1298 1712 scripfiss‘et
1338 1665 1377 1698 in

735 1726 898 1767 utroque.
941 1715 1142 1769 Quidquid
1166 1720 1216 1755 est
1237 1720 1282 1755 de
1304 1720 1377 1756 hac

735 1773 990 1817 dubitatione,
1021 1777 1254 1812 verissimam
1277 1788 1375 1827 puto

735 1829 1009 1867 diremtionem
1066 1833 1244 1874 Gesneri,
1305 1834 1377 1883 qui

733 1887 851 1922 verba
874 1887 988 1924 haec:
1022 1904 1070 1924 an
1091 1910 1147 1916 —
1167 1890 1296 1930 exulis,
1324 1890 1375 1924 se-

735 1944 859 1978 cernit
889 1944 935 1979 ab
978 1945 1049 1982 iilo
1081 1946 1229 1981 dubium
1261 1946 1374 1994 facit,

735 2000 840 2047 quod
864 1999 987 2049 vulgo
1014 2015 1103 2038 curn
1131 2003 1182 2038 iis
1211 2004 1398 2049 conjunx

734 2066 843 2103 gunt.
903 2058 1001 2093 Sunt
1031 2072 1073 2095 ea
1102 2058 1229 2094 obiter
1255 2059 1375 2093 inter-

733 2112 830 2157 jecta
875 2111 920 2146 ad
961 2112 1226 2154 fulciendum,
1267 2112 1376 2162 quod

734 2166 854 2202 modo
884 2179 963 2204 erat
992 2171 1182 2217 politum;
1231 2182 1374 2218 nequa·

736 2235 852 2270 quam
874 2234 1001 2260 autem
1019 2225 1186 2274 spectant
1207 2226 1252 2260 ad
1273 2226 1374 2260 sum-

733 2291 835 2313 mam
867 2281 1150 2328 quaestionem,
1181 2292 1225 2318 ut
1256 2282 1302 2317 de
1323 2282 1375 2318 iis

733 2335 974 2384 potiffimum
1016 2338 1254 2386 ambigentes
1289 2339 1374 2389 pos-

734 2393 804 2427 sint
823 2390 920 2441 fingi
948 2392 1175 2443 litigatores.
1214 2395 1376 2443 Agitant

734 2447 779 2482 hi
809 2448 917 2483 illam
947 2463 1051 2485 nunc
1086 2450 1372 2498 quaestionem:

733 2507 794 2539 An
815 2505 852 2540 ei
873 2506 987 2554 patri,
1019 2507 1090 2554 qui
1104 2518 1196 2540 mox
1220 2506 1374 2541 damna-

734 2571 795 2596 tus
816 2562 880 2603 fit,
910 2562 1090 2598 debuerit
1109 2561 1230 2597 adeffe
1254 2561 1371 2599 filius.

730 2617 914 2653 Dubium
950 2617 1028 2653 hoc
1073 2617 1166 2653 facit
1210 2618 1375 2666 rustich

734 2673 808 2717 (cf.
845 2681 881 2718 5,
917 2685 981 2716 ιο,
1017 2676 1159 2720 ιο7.),
1201 2673 1374 2712 defendit

734 2730 906 2766 disertus.
