1586 2990
336 264 499 312 INST.
536 251 812 310 ORATOR.
847 260 970 307 Lm.
1003 261 1095 317 ιΧ,
1131 266 1181 317 4-
1319 256 1414 304 611

93 393 262 459 placet
301 390 596 457 plerisque,
650 385 968 437 dichoreus?
1044 385 1139 449 Illa
1180 381 1419 434 observa-

94 470 240 519 tione
277 485 341 516 ex
379 466 594 516 trocheo
634 462 692 513 fit
730 460 1041 530 anapaestus,
1118 460 1263 511 Idem
1308 466 1507 510 tro-106
1549 520 1551 522 ι

54 582 70 591 .
95 545 288 596 chaeus
328 542 667 610 praecedente
703 541 859 606 longa
900 537 958 587 fit
996 554 1192 604 paeon:
1262 538 1420 603 quale

97 620 194 679 est,
237 622 293 670 Si
315 632 509 686 potero.
565 629 640 677 et,
677 619 835 666 Dixit
862 615 953 665 Ιιοε
988 616 1189 674 Cicero,
1232 610 1419 683 Obstat

97 698 306 748 invidia.
389 697 483 746 Sed
523 696 668 745 hunc
695 690 862 743 initiis
887 692 1162 741 dederunt.
1222 690 1421 742 Cludet

18 839 23 841 λ
97 786 150 824 et
176 774 516 841 pyrrhichius
553 772 746 821 choreo
778 768 1145 836 praecedente:
1197 784 1319 816 nam
1351 765 1420 816 fic

97 868 270 917 paeon
303 849 387 899 est.
469 848 570 900 Sed
596 864 777 897 omnes
812 848 878 904 ii,
918 847 1013 912 qui
1038 847 1097 894 in
1119 845 1307 894 breves
1333 859 1420 893 ex-

99 928 309 985 cidunt,
347 928 524 976 minus
554 934 710 975 erunt
746 921 971 972 stabiles:
1024 939 1121 971 nec
1153 921 1279 970 alibi
1309 918 1422 970 fere

98 1003 216 1054 satis
240 1004 362 1070 apti,
402 1020 558 1068 quam
585 1001 680 1051 ubi
691 999 880 1050 cursus
909 1000 1160 1050 orationis
1178 998 1423 1064 exigitur,

98 1090 151 1130 et
177 1078 422 1131 clausulis
449 1096 560 1128 non
584 1075 927 1126 interfistitur.
985 1076 1221 1126 Creticus
1243 1085 1294 1123 et
1317 1072 1514 1127 ini-'107

99 1158 188 1206 tiis
216 1157 479 1223 optimus:
528 1155 683 1226 Quod
695 1163 935 1218 precatus
955 1171 988 1200 a
1010 1153 1108 1205 diis
1125 1151 1424 1200 immortali-

0 1229 192 1288 raeshus
215 1228 352 1304 sum.
416 1240 469 1279 et
511 1228 784 1287 clausulis,
832 1231 900 1277 In
938 1223 1202 1300 conspectu
1239 1225 1424 1293 populi

44 1326 47 1329 ·
97 1307 323 1358 Romani
373 1322 581 1357 vomere
630 1302 892 1374 postridie.
996 1308 1223 1371 Apparet
1271 1321 1424 1364 ivero,

100 1402 259 1450 quarn
284 1384 418 1433 bene
452 1400 574 1433 eum
603 1381 938 1448 praecedant,
978 1383 1066 1431 vel
1100 1380 1424 1449 anapaestu5‚

101 1462 190 1511 vel
239 1461 359 1520 ille,
421 1461 519 1526 qui
572 1458 787 1509 videtur
836 1457 933 1507 fini
988 1459 1186 1525 aptior,
1235 1473 1423 1524 paeon.

188 1636 278 1674 106.
310 1636 412 1672 hunc.
452 1637 585 1673 Turic.
607 1637 655 1684 (a
673 1649 732 1687 pr.
753 1634 897 1683 manu)
918 1633 1021 1671 Flor.
1044 1634 1123 1672 huc.
1163 1632 1323 1683 Reliqui
1343 1633 1426 1670 hoc.

101 1693 187 1732 Nos
210 1693 459 1730 mutavimus.
500 1695 555 1740 lta
577 1696 610 1740 ς.
629 1705 644 1728 ι
658 1705 718 1741 ¹9·
742 1692 859 1728 Goth.
881 1693 970 1737 (tac.
986 1690 1113 1736 Gesn.)
1138 1691 1205 1726 huc
1225 1702 1298 1740 pro
1320 1690 1425 1725 hunc.

190 1750 332 1787 Cladet.
380 1749 442 1785 Sic
461 1750 593 1785 Turio.
614 1748 664 1795 (a
685 1762 742 1798 pr.
767 1750 909 1793 manu)
932 1746 1035 1783 Flor.
1077 1746 1238 1796 Reliqui
1259 1746 1397 1783 Cludit.

180 1804 237 1856 fic
265 1818 397 1854 paeon.
446 1806 578 1840 Turic.
609 1804 711 1840 Flor.
740 1803 865 1840 Guelf.
898 1804 1029 1853 Camp.
1051 1801 1088 1854 fi
1115 1817 1152 1850 p.
1183 1799 1274 1838 cum
1303 1801 1424 1839 Goth.

102 1861 207 1902 Voss'.
228 1873 263 1898 2.
287 1872 325 1898 et
346 1861 430 1897 edd.
452 1872 535 1896 ante
556 1861 642 1897 Ald.
682 1859 862 1896 Correxit
874 1859 1031 1908 Regius.
1072 1858 1207 1895 Ambr.
1227 1873 1261 1894 ι.
1284 1857 1367 1909 etfi
1385 1871 1426 1905 p.

191 1914 252 1965 est.
282 1917 365 1954 Sed.
409 1917 471 1952 Sic
490 1918 621 1952 Turio.
638 1917 770 1953 Ambr.
790 1931 824 1952 ι.
846 1928 934 1951 cum
954 1914 1056 1951 Alm.
1087 1914 1159 1950 Ille
1179 1928 1198 1950 a
1219 1915 1288 1950 sec.
1306 1926 1428 1950 manu

106 1972 193 2024 ‘ff²⁸
215 1985 252 2009 et
280 1975 326 2008 fic
348 1972 476 2008 Guelf.
499 1974 629 2021 Camp.
654 1985 741 2008 cum
764 1970 882 2007 Goth.
902 1971 1003 2010 Voll‘.
1026 1982 1064 2008 2.
1109 1967 1159 2018 est
1179 1969 1217 2020 fi
1246 1969 1374 2011 Flor..
1405 1981 1428 2005 ι

107 2030 176 2066 sec.
199 2041 314 2063 manu
336 2025 384 2076 est
408 2036 444 2062 et
454 2026 503 2077 fi.
556 2027 715 2076 Reliqui
744 2027 928 2063 omittunt
954 2027 1037 2062 Sed.

197 2093 287 2127 107.
321 2091 357 2118 et
388 2084 514 2118 initiis.
563 2082 625 2118 Sic
664 2083 796 2118 Turio.
825 2085 843 2127 (
853 2095 872 2116 a
907 2094 964 2131 pr.
988 2084 1132 2128 manu)
1167 2080 1272 2118 Flor.
1321 2080 1429 2118 Reli·

109 2140 180 2191 qui
206 2136 256 2188 est
285 2141 309 2176 ι’.
477 2139 608 2187 populi
630 2139 806 2174 Romani.
846 2138 978 2174 Turie.
998 2137 1101 2173 Flor.
1122 2137 1285 2187 populis.
1316 2151 1337 2173 a
1356 2138 1430 2176 sec.⁴

107 2208 226 2233 manu
255 2205 416 2242 uterque
446 2195 578 2242 populi
606 2204 643 2230 et
669 2195 716 2229 fic
745 2193 862 2230 Goth.
891 2192 988 2242 (tac.
1014 2193 1152 2240 Gesn.)
1181 2194 1314 2243 Camp.
1338 2205 1429 2230 cum

107 2252 214 2293 Voff.
238 2261 274 2287 2.
333 2250 431 2285 Inest
451 2251 613 2285 Romani
639 2249 702 2285 illi
729 2261 903 2286 veterum
925 2251 962 2286 S.

187 2305 265 2354 fini
294 2308 428 2354 aptior.
479 2306 610 2341 Turio.
636 2304 718 2355 fine
749 2307 885 2354 aptius.
927 2305 1031 2342 Flor.
1045 2304 1132 2354 fine
1150 2307 1285 2354 aptius.
1324 2315 1429 2342 uter·

112 2376 187 2414 qpe
209 2377 229 2398 a
250 2363 318 2398 sec.
339 2374 456 2396 manu
469 2360 553 2409 fine
572 2364 696 2410 aptior
716 2373 754 2399 et
771 2364 819 2398 fic
844 2361 971 2399 Guelf.
993 2361 1111 2400 Goth.
1133 2362 1237 2402 Voss'.
1262 2373 1299 2398 2·
1329 2361 1427 2400 Jens.

174 2503 263 2541 106.
296 2505 336 2540 Si
362 2504 566 2553 poteross-
588 2506 739 2543 invidia.
797 2506 845 2542 cf.
867 2518 904 2554 9,
929 2513 1058 2553 2591.
1106 2505 1271 2543 Attende
1302 2514 1431 2542 nutem

113 2559 219 2596 Haec
238 2559 324 2595 ficta
351 2562 420 2608 sint
439 2574 457 2596 e
479 2562 660 2610 vestigio,
695 2575 742 2597 an
796 2560 1069 2598 literamohie
1078 2561 1201 2611 vulgo
1214 2572 1430 2612 correptam

115 2617 236 2665 petita
256 2615 430 2651 alicunde
454 2627 491 2652 et
512 2630 558 2652 ex
578 2630 656 2666 quo
677 2630 745 2666 po·
800 2628 838 2654 et
858 2618 905 2654 cf.
927 2618 974 2654 ad
998 2624 1035 2663 8,
1059 2618 1096 2659 6,
1119 2627 1183 2662 73.

118 2671 298 2707 tiffimum
356 2682 523 2712 oratore,
565 2686 744 2721 quaerere

115 2740 196 2763 non
216 2738 334 2764 vacat.
391 2728 561 2763 Primum
587 2730 744 2777 quidem
855 2729 946 2766 hunc
982 2729 1010 2769 i.
1052 2744 1085 2767 ο.
1120 2742 1310 2783 paeonem
1350 2728 1429 2782 pri·

111 2783 281 2833 «suspicor
307 2784 376 2820 effe
403 2785 533 2822 Porcii
549 2784 742 2824 Latronis.
798 2798 921 2823 mum.
1150 2795 1153 2798 ⁴

865 2864 997 2914 (2⁶12
