<?xml version="1.0" encoding="UTF-8"?>
<!DOCTYPE html PUBLIC "-//W3C//DTD XHTML 1.0 Transitional//EN"
    "http://www.w3.org/TR/xhtml1/DTD/xhtml1-transitional.dtd">
<html xmlns="http://www.w3.org/1999/xhtml" xml:lang="en" lang="en">
 <head>
  <title>
</title>
<meta http-equiv="Content-Type" content="text/html;charset=utf-8" />
  <meta name='ocr-system' content='tesseract 3.04.00' />
  <meta name='ocr-capabilities' content='ocr_page ocr_carea ocr_par ocr_line ocrx_word'/>
</head>
<body>
  <div class='ocr_page' id='page_1' title='image "./lexiconquintilia03bonnuoft_0445.png"; bbox 0 0 1586 2990; ppageno 0'>
   <div class='ocr_carea' id='block_1_1' title="bbox 83 79 1413 148">
    <p class='ocr_par' dir='ltr' id='par_1_1' title="bbox 83 79 1413 148">
     <span class='ocr_line' id='line_1_1' title="bbox 83 79 1413 148; baseline -0.004 -9"><span class='ocrx_word' id='word_1_1' title='bbox 83 79 100 102; x_wconf 75' lang='lat'>⁸</span> <span class='ocrx_word' id='word_1_2' title='bbox 307 92 475 139; x_wconf 69' lang='lat' dir='ltr'><strong>1Ns‘r.</strong></span> <span class='ocrx_word' id='word_1_3' title='bbox 510 90 789 137; x_wconf 76' lang='lat' dir='ltr'><strong>ORATOR.</strong></span> <span class='ocrx_word' id='word_1_4' title='bbox 823 89 946 137; x_wconf 77' lang='lat' dir='ltr'><strong>mn.</strong></span> <span class='ocrx_word' id='word_1_5' title='bbox 982 90 1070 146; x_wconf 70' lang='lat' dir='ltr'><strong>nt,</strong></span> <span class='ocrx_word' id='word_1_6' title='bbox 1117 101 1162 135; x_wconf 62' lang='grc' dir='ltr'><strong>α.</strong></span> <span class='ocrx_word' id='word_1_7' title='bbox 1305 97 1413 148; x_wconf 61' lang='grc' dir='ltr'><strong>4η</strong></span> 
     </span>
    </p>
   </div>
   <div class='ocr_carea' id='block_1_2' title="bbox 9 214 1481 1286">
    <p class='ocr_par' dir='ltr' id='par_1_2' title="bbox 9 214 1481 1286">
     <span class='ocr_line' id='line_1_2' title="bbox 75 214 1411 284; baseline -0.002 -15"><span class='ocrx_word' id='word_1_8' title='bbox 75 228 130 269; x_wconf 85' lang='lat' dir='ltr'><strong>et</strong></span> <span class='ocrx_word' id='word_1_9' title='bbox 164 214 268 268; x_wconf 82' lang='lat' dir='ltr'><strong>hoc</strong></span> <span class='ocrx_word' id='word_1_10' title='bbox 305 215 449 283; x_wconf 84' lang='lat' dir='ltr'><strong>ips0‚</strong></span> <span class='ocrx_word' id='word_1_11' title='bbox 487 215 635 282; x_wconf 88' lang='lat' dir='ltr'><strong>quod</strong></span> <span class='ocrx_word' id='word_1_12' title='bbox 674 231 787 266; x_wconf 81' lang='lat' dir='ltr'><strong>non</strong></span> <span class='ocrx_word' id='word_1_13' title='bbox 820 225 1059 284; x_wconf 84' lang='lat' dir='ltr'><strong>apparet,</strong></span> <span class='ocrx_word' id='word_1_14' title='bbox 1097 217 1261 266; x_wconf 78' lang='lat' dir='ltr'><strong>eximi</strong></span> <span class='ocrx_word' id='word_1_15' title='bbox 1298 234 1411 267; x_wconf 89' lang='lat' dir='ltr'><strong>non</strong></span> 
     </span>
     <span class='ocr_line' id='line_1_3' title="bbox 75 290 1411 363; baseline -0.001 -19"><span class='ocrx_word' id='word_1_16' title='bbox 75 293 268 363; x_wconf 77' lang='lat' dir='ltr'><strong>potest3</strong></span> <span class='ocrx_word' id='word_1_17' title='bbox 310 293 348 343; x_wconf 83' lang='lat' dir='ltr'>fi</span> <span class='ocrx_word' id='word_1_18' title='bbox 375 293 520 343; x_wconf 85' lang='lat' dir='ltr'><strong>idem</strong></span> <span class='ocrx_word' id='word_1_19' title='bbox 542 292 682 343; x_wconf 82' lang='lat' dir='ltr'><strong>dicas</strong></span> <span class='ocrx_word' id='word_1_20' title='bbox 704 293 891 361; x_wconf 83' lang='lat' dir='ltr'>palam,</span> <span class='ocrx_word' id='word_1_21' title='bbox 923 302 976 342; x_wconf 77' lang='lat' dir='ltr'><strong>et</strong></span> <span class='ocrx_word' id='word_1_22' title='bbox 999 290 1324 352; x_wconf 86' lang='lat' dir='ltr'><strong>defenditur,</strong></span> <span class='ocrx_word' id='word_1_23' title='bbox 1359 303 1411 342; x_wconf 87' lang='lat' dir='ltr'><strong>et</strong></span> 
     </span>
     <span class='ocr_line' id='line_1_4' title="bbox 74 368 1476 440; baseline -0.004 -18"><span class='ocrx_word' id='word_1_24' title='bbox 74 370 416 440; x_wconf 75' lang='lat' dir='ltr'><strong>probandum</strong></span> <span class='ocrx_word' id='word_1_25' title='bbox 456 369 542 419; x_wconf 85' lang='lat' dir='ltr'><strong>est.</strong></span> <span class='ocrx_word' id='word_1_26' title='bbox 634 371 775 421; x_wconf 90' lang='lat' dir='ltr'><strong>Cum</strong></span> <span class='ocrx_word' id='word_1_27' title='bbox 807 379 990 423; x_wconf 80' lang='lat' dir='ltr'><strong>autem</strong></span> <span class='ocrx_word' id='word_1_28' title='bbox 1038 368 1204 420; x_wconf 84' lang='lat' dir='ltr'><strong>obstat</strong></span> <span class='ocrx_word' id='word_1_29' title='bbox 1253 371 1410 421; x_wconf 85' lang='lat' dir='ltr'><strong>nobis</strong></span> <span class='ocrx_word' id='word_1_30' title='bbox 1424 378 1476 424; x_wconf 82' lang='lat'><strong>76</strong></span> 
     </span>
     <span class='ocr_line' id='line_1_5' title="bbox 70 445 1412 521; baseline -0.002 -22"><span class='ocrx_word' id='word_1_31' title='bbox 70 445 329 521; x_wconf 79' lang='lat' dir='ltr'><strong><em>personae</em></strong></span> <span class='ocrx_word' id='word_1_32' title='bbox 354 450 660 505; x_wconf 76' lang='lat' dir='ltr'><strong>reverencia,</strong></span> <span class='ocrx_word' id='word_1_33' title='bbox 692 446 879 514; x_wconf 80' lang='lat' dir='ltr'><strong>(quod.</strong></span> <span class='ocrx_word' id='word_1_34' title='bbox 910 445 1203 498; x_wconf 79' lang='lat' dir='ltr'><strong>secundum</strong></span> <span class='ocrx_word' id='word_1_35' title='bbox 1230 447 1412 513; x_wconf 81' lang='lat' dir='ltr'><strong>posui·</strong></span> 
     </span>
     <span class='ocr_line' id='line_1_6' title="bbox 75 523 1411 590; baseline -0.003 -14"><span class='ocrx_word' id='word_1_36' title='bbox 75 543 197 576; x_wconf 89' lang='lat' dir='ltr'><strong>mus</strong></span> <span class='ocrx_word' id='word_1_37' title='bbox 250 523 457 590; x_wconf 86' lang='lat' dir='ltr'><strong>genus)</strong></span> <span class='ocrx_word' id='word_1_38' title='bbox 518 534 663 574; x_wconf 83' lang='lat' dir='ltr'>tanto</span> <span class='ocrx_word' id='word_1_39' title='bbox 715 525 920 575; x_wconf 85' lang='lat' dir='ltr'><strong>cautius</strong></span> <span class='ocrx_word' id='word_1_40' title='bbox 980 523 1268 575; x_wconf 88' lang='lat' dir='ltr'><strong>dicendum</strong></span> <span class='ocrx_word' id='word_1_41' title='bbox 1321 524 1411 584; x_wconf 83' lang='lat' dir='ltr'><strong>est,</strong></span> 
     </span>
     <span class='ocr_line' id='line_1_7' title="bbox 78 600 1413 669; baseline -0.001 -17"><span class='ocrx_word' id='word_1_42' title='bbox 78 612 279 669; x_wconf 81' lang='lat' dir='ltr'><strong>quanto</strong></span> <span class='ocrx_word' id='word_1_43' title='bbox 308 601 539 651; x_wconf 85' lang='lat' dir='ltr'><strong>validius</strong></span> <span class='ocrx_word' id='word_1_44' title='bbox 563 601 735 651; x_wconf 86' lang='lat' dir='ltr'>bonos</span> <span class='ocrx_word' id='word_1_45' title='bbox 760 600 971 652; x_wconf 85' lang='lat' dir='ltr'><strong>inhibet</strong></span> <span class='ocrx_word' id='word_1_46' title='bbox 996 600 1202 668; x_wconf 86' lang='lat' dir='ltr'><strong>pudor,</strong></span> <span class='ocrx_word' id='word_1_47' title='bbox 1250 618 1413 667; x_wconf 89' lang='lat' dir='ltr'><strong>quam</strong></span> 
     </span>
     <span class='ocr_line' id='line_1_8' title="bbox 76 677 1414 744; baseline 0 -16"><span class='ocrx_word' id='word_1_48' title='bbox 76 689 265 730; x_wconf 83' lang='lat' dir='ltr'><strong>metus.</strong></span> <span class='ocrx_word' id='word_1_49' title='bbox 344 679 445 727; x_wconf 88' lang='lat' dir='ltr'><strong>Hic</strong></span> <span class='ocrx_word' id='word_1_50' title='bbox 487 694 617 728; x_wconf 85' lang='lat' dir='ltr'><strong>vero</strong></span> <span class='ocrx_word' id='word_1_51' title='bbox 666 689 842 743; x_wconf 82' lang='lat' dir='ltr'><strong>tegere</strong></span> <span class='ocrx_word' id='word_1_52' title='bbox 887 695 987 728; x_wconf 86' lang='lat' dir='ltr'><strong>nos</strong></span> <span class='ocrx_word' id='word_1_53' title='bbox 1027 678 1213 739; x_wconf 81' lang='lat' dir='ltr'><strong>judex,</strong></span> <span class='ocrx_word' id='word_1_54' title='bbox 1264 677 1414 744; x_wconf 87' lang='lat' dir='ltr'><strong>quod</strong></span> 
     </span>
     <span class='ocr_line' id='line_1_9' title="bbox 77 754 1415 821; baseline -0.001 -15"><span class='ocrx_word' id='word_1_55' title='bbox 77 755 323 813; x_wconf 82' lang='lat' dir='ltr'><strong>sciamus,</strong></span> <span class='ocrx_word' id='word_1_56' title='bbox 372 765 424 803; x_wconf 86' lang='lat' dir='ltr'><strong>et</strong></span> <span class='ocrx_word' id='word_1_57' title='bbox 452 755 614 804; x_wconf 86' lang='lat' dir='ltr'><strong>verba</strong></span> <span class='ocrx_word' id='word_1_58' title='bbox 642 756 700 804; x_wconf 89' lang='lat' dir='ltr'><strong>vi</strong></span> <span class='ocrx_word' id='word_1_59' title='bbox 723 754 950 821; x_wconf 80' lang='lat' dir='ltr'><strong>quadam</strong></span> <span class='ocrx_word' id='word_1_60' title='bbox 974 756 1209 806; x_wconf 83' lang='lat' dir='ltr'><strong>veritatis</strong></span> <span class='ocrx_word' id='word_1_61' title='bbox 1237 773 1415 805; x_wconf 82' lang='lat' dir='ltr'><strong>erum-</strong></span> 
     </span>
     <span class='ocr_line' id='line_1_10' title="bbox 77 832 1414 901; baseline 0 -19"><span class='ocrx_word' id='word_1_62' title='bbox 77 835 258 901; x_wconf 85' lang='lat' dir='ltr'><strong>pentia</strong></span> <span class='ocrx_word' id='word_1_63' title='bbox 289 832 464 881; x_wconf 85' lang='lat' dir='ltr'><strong>credat</strong></span> <span class='ocrx_word' id='word_1_64' title='bbox 493 836 747 882; x_wconf 64' lang='lat' dir='ltr'><strong>coercere.</strong></span> <span class='ocrx_word' id='word_1_65' title='bbox 824 833 968 881; x_wconf 88' lang='lat' dir='ltr'><strong>Nam</strong></span> <span class='ocrx_word' id='word_1_66' title='bbox 1000 845 1200 898; x_wconf 77' lang='lat' dir='ltr'><strong>quanto</strong></span> <span class='ocrx_word' id='word_1_67' title='bbox 1230 834 1414 882; x_wconf 85' lang='lat' dir='ltr'><strong>minus</strong></span> 
     </span>
     <span class='ocr_line' id='line_1_11' title="bbox 79 908 1418 976; baseline -0.001 -18"><span class='ocrx_word' id='word_1_68' title='bbox 79 920 170 972; x_wconf 78' lang='lat' dir='ltr'><strong>aut</strong></span> <span class='ocrx_word' id='word_1_69' title='bbox 198 908 320 976; x_wconf 82' lang='lat' dir='ltr'><strong>ipsi,</strong></span> <span class='ocrx_word' id='word_1_70' title='bbox 371 909 431 957; x_wconf 89' lang='lat' dir='ltr'><strong>in</strong></span> <span class='ocrx_word' id='word_1_71' title='bbox 466 924 601 974; x_wconf 87' lang='lat' dir='ltr'><strong>quos</strong></span> <span class='ocrx_word' id='word_1_72' title='bbox 634 909 890 967; x_wconf 85' lang='lat' dir='ltr'>dicimus,</span> <span class='ocrx_word' id='word_1_73' title='bbox 931 919 1022 958; x_wconf 87' lang='lat' dir='ltr'><strong>aut</strong></span> <span class='ocrx_word' id='word_1_74' title='bbox 1051 909 1282 970; x_wconf 80' lang='lat' dir='ltr'><strong>judices,</strong></span> <span class='ocrx_word' id='word_1_75' title='bbox 1325 918 1418 958; x_wconf 83' lang='lat' dir='ltr'><strong>aut</strong></span> 
     </span>
     <span class='ocr_line' id='line_1_12' title="bbox 81 984 1417 1043; baseline -0.001 -8"><span class='ocrx_word' id='word_1_76' title='bbox 81 985 353 1035; x_wconf 81' lang='lat' dir='ltr'><strong>affistentes</strong></span> <span class='ocrx_word' id='word_1_77' title='bbox 382 985 594 1035; x_wconf 87' lang='lat' dir='ltr'><strong>oderint</strong></span> <span class='ocrx_word' id='word_1_78' title='bbox 607 985 742 1035; x_wconf 88' lang='lat' dir='ltr'>hanc</span> <span class='ocrx_word' id='word_1_79' title='bbox 756 985 1111 1036; x_wconf 75' lang='lat' dir='ltr'><strong>maledicendi</strong></span> <span class='ocrx_word' id='word_1_80' title='bbox 1134 984 1417 1043; x_wconf 78' lang='lat' dir='ltr'><strong>lasciviam,</strong></span> 
     </span>
     <span class='ocr_line' id='line_1_13' title="bbox 9 1061 1481 1128; baseline 0.001 -18"><span class='ocrx_word' id='word_1_81' title='bbox 9 1062 121 1122; x_wconf 39' lang='lat'>&#39;9013</span> <span class='ocrx_word' id='word_1_82' title='bbox 145 1063 283 1112; x_wconf 85' lang='lat' dir='ltr'><strong>velle</strong></span> <span class='ocrx_word' id='word_1_83' title='bbox 309 1079 407 1112; x_wconf 86' lang='lat' dir='ltr'><strong>nos</strong></span> <span class='ocrx_word' id='word_1_84' title='bbox 431 1061 644 1110; x_wconf 78' lang='lat' dir='ltr'><strong>&#39;credant</strong></span> <span class='ocrx_word' id='word_1_85' title='bbox 661 1063 684 1110; x_wconf 66' lang='grc' dir='ltr'><strong>’ἐ</strong></span> <span class='ocrx_word' id='word_1_86' title='bbox 736 1063 844 1112; x_wconf 88' lang='lat' dir='ltr'><strong>Aut</strong></span> <span class='ocrx_word' id='word_1_87' title='bbox 867 1062 1002 1127; x_wconf 85' lang='lat' dir='ltr'><strong>quid</strong></span> <span class='ocrx_word' id='word_1_88' title='bbox 1020 1061 1249 1120; x_wconf 84' lang='lat' dir='ltr'><strong>interest,</strong></span> <span class='ocrx_word' id='word_1_89' title='bbox 1279 1081 1414 1128; x_wconf 85' lang='lat' dir='ltr'><strong>quo·</strong></span> <span class='ocrx_word' id='word_1_90' title='bbox 1429 1085 1481 1120; x_wconf 89' lang='lat'><strong>77</strong></span> 
     </span>
     <span class='ocr_line' id='line_1_14' title="bbox 78 1138 1417 1205; baseline -0.001 -16"><span class='ocrx_word' id='word_1_91' title='bbox 78 1139 243 1189; x_wconf 78' lang='lat' dir='ltr'>modo</span> <span class='ocrx_word' id='word_1_92' title='bbox 273 1138 494 1196; x_wconf 87' lang='lat' dir='ltr'><strong>dicatur,</strong></span> <span class='ocrx_word' id='word_1_93' title='bbox 529 1154 653 1187; x_wconf 87' lang='lat' dir='ltr'><strong>cum</strong></span> <span class='ocrx_word' id='word_1_94' title='bbox 677 1147 728 1186; x_wconf 88' lang='lat' dir='ltr'><strong>et</strong></span> <span class='ocrx_word' id='word_1_95' title='bbox 748 1155 832 1188; x_wconf 84' lang='lat' dir='ltr'><strong>res</strong></span> <span class='ocrx_word' id='word_1_96' title='bbox 853 1149 904 1187; x_wconf 89' lang='lat' dir='ltr'><strong>et</strong></span> <span class='ocrx_word' id='word_1_97' title='bbox 933 1140 1072 1188; x_wconf 88' lang='lat' dir='ltr'><strong>anim</strong></span> <span class='ocrx_word' id='word_1_98' title='bbox 1083 1156 1142 1188; x_wconf 89' lang='lat' dir='ltr'><strong>us</strong></span> <span class='ocrx_word' id='word_1_99' title='bbox 1162 1141 1417 1205; x_wconf 81' lang='lat' dir='ltr'><strong>intelligi-</strong></span> 
     </span>
     <span class='ocr_line' id='line_1_15' title="bbox 77 1213 1417 1286; baseline 0 -20"><span class='ocrx_word' id='word_1_100' title='bbox 77 1217 205 1267; x_wconf 68' lang='lat' dir='ltr'><strong>tur?</strong></span> <span class='ocrx_word' id='word_1_101' title='bbox 259 1214 407 1286; x_wconf 79' lang='lat' dir='ltr'><strong>Quid</strong></span> <span class='ocrx_word' id='word_1_102' title='bbox 431 1213 660 1267; x_wconf 78' lang='lat' dir='ltr'><strong>dicendo</strong></span> <span class='ocrx_word' id='word_1_103' title='bbox 686 1213 922 1284; x_wconf 83' lang='lat' dir='ltr'><strong>denique</strong></span> <span class='ocrx_word' id='word_1_104' title='bbox 952 1214 1279 1286; x_wconf 76' lang='lat' dir='ltr'><strong>proficimu5‚</strong></span> <span class='ocrx_word' id='word_1_105' title='bbox 1315 1215 1417 1268; x_wconf 86' lang='lat' dir='ltr'><strong>nifi</strong></span> 
     </span>
    </p>
   </div>
   <div class='ocr_carea' id='block_1_3' title="bbox 76 1389 1453 2393">
    <p class='ocr_par' dir='ltr' id='par_1_3' title="bbox 76 1389 1418 1542">
     <span class='ocr_line' id='line_1_16' title="bbox 165 1389 1416 1443; baseline -0.002 -14"><span class='ocrx_word' id='word_1_106' title='bbox 165 1400 203 1429; x_wconf 79' lang='lat' dir='ltr'><strong>et</strong></span> <span class='ocrx_word' id='word_1_107' title='bbox 221 1411 277 1420; x_wconf 91' lang='lat'><strong>--</strong></span> <span class='ocrx_word' id='word_1_108' title='bbox 299 1392 422 1428; x_wconf 65' lang='lat' dir='ltr'><strong>eximi.</strong></span> <span class='ocrx_word' id='word_1_109' title='bbox 472 1392 605 1429; x_wconf 77' lang='lat' dir='ltr'><strong>Turio.</strong></span> <span class='ocrx_word' id='word_1_110' title='bbox 627 1391 732 1429; x_wconf 78' lang='lat' dir='ltr'><strong>Flor.</strong></span> <span class='ocrx_word' id='word_1_111' title='bbox 756 1400 791 1429; x_wconf 76' lang='lat' dir='ltr'><strong>ee</strong></span> <span class='ocrx_word' id='word_1_112' title='bbox 813 1389 893 1443; x_wconf 79' lang='lat' dir='ltr'><strong>ipso</strong></span> <span class='ocrx_word' id='word_1_113' title='bbox 916 1404 991 1427; x_wconf 83' lang='lat' dir='ltr'><strong>non</strong></span> <span class='ocrx_word' id='word_1_114' title='bbox 1021 1400 1180 1439; x_wconf 74' lang='lat' dir='ltr'><strong>apparet</strong></span> <span class='ocrx_word' id='word_1_115' title='bbox 1201 1403 1256 1426; x_wconf 78' lang='lat' dir='ltr'><strong>ex.</strong></span> <span class='ocrx_word' id='word_1_116' title='bbox 1302 1404 1322 1425; x_wconf 77' lang='lat' dir='ltr'>a</span> <span class='ocrx_word' id='word_1_117' title='bbox 1349 1390 1416 1428; x_wconf 85' lang='lat' dir='ltr'><strong>sec.</strong></span> 
     </span>
     <span class='ocr_line' id='line_1_17' title="bbox 76 1447 1418 1499; baseline -0.001 -13"><span class='ocrx_word' id='word_1_118' title='bbox 76 1461 199 1486; x_wconf 75' lang='lat' dir='ltr'><strong>manu</strong></span> <span class='ocrx_word' id='word_1_119' title='bbox 218 1459 382 1497; x_wconf 77' lang='lat' dir='ltr'><strong>uterque</strong></span> <span class='ocrx_word' id='word_1_120' title='bbox 404 1462 434 1485; x_wconf 82' lang='lat' dir='ltr'><strong>e.</strong></span> <span class='ocrx_word' id='word_1_121' title='bbox 454 1447 571 1499; x_wconf 75' lang='lat' dir='ltr'><strong>ipsum</strong></span> <span class='ocrx_word' id='word_1_122' title='bbox 592 1463 666 1486; x_wconf 81' lang='lat' dir='ltr'><strong>non</strong></span> <span class='ocrx_word' id='word_1_123' title='bbox 685 1464 772 1498; x_wconf 79' lang='lat' dir='ltr'><em>app.</em></span> <span class='ocrx_word' id='word_1_124' title='bbox 794 1459 831 1486; x_wconf 76' lang='lat' dir='ltr'><strong>et</strong></span> <span class='ocrx_word' id='word_1_125' title='bbox 851 1462 907 1484; x_wconf 73' lang='lat' dir='ltr'><strong>ex.</strong></span> <span class='ocrx_word' id='word_1_126' title='bbox 953 1449 1087 1497; x_wconf 78' lang='lat' dir='ltr'><strong>Camp.</strong></span> <span class='ocrx_word' id='word_1_127' title='bbox 1116 1460 1273 1497; x_wconf 84' lang='lat' dir='ltr'><strong>quoque</strong></span> <span class='ocrx_word' id='word_1_128' title='bbox 1295 1455 1332 1482; x_wconf 81' lang='lat' dir='ltr'><strong>et</strong></span> <span class='ocrx_word' id='word_1_129' title='bbox 1356 1448 1418 1484; x_wconf 74' lang='lat' dir='ltr'><strong>iu·</strong></span> 
     </span>
     <span class='ocr_line' id='line_1_18' title="bbox 77 1506 366 1542; baseline 0 0"><span class='ocrx_word' id='word_1_130' title='bbox 77 1506 169 1542; x_wconf 74' lang='lat' dir='ltr'><strong>serit</strong></span> <span class='ocrx_word' id='word_1_131' title='bbox 195 1517 281 1542; x_wconf 84' lang='lat' dir='ltr'><strong>ante</strong></span> <span class='ocrx_word' id='word_1_132' title='bbox 310 1518 366 1542; x_wconf 77' lang='lat' dir='ltr'><strong>ex.</strong></span> 
     </span>
    </p>

    <p class='ocr_par' dir='ltr' id='par_1_4' title="bbox 77 1559 1419 1656">
     <span class='ocr_line' id='line_1_19' title="bbox 162 1559 1419 1612; baseline -0.002 -14"><span class='ocrx_word' id='word_1_133' title='bbox 162 1560 306 1611; x_wconf 75' lang='lat' dir='ltr'><strong>potest.-</strong></span> <span class='ocrx_word' id='word_1_134' title='bbox 336 1560 374 1612; x_wconf 81' lang='lat' dir='ltr'><strong>si</strong></span> <span class='ocrx_word' id='word_1_135' title='bbox 404 1562 516 1600; x_wconf 77' lang='lat' dir='ltr'><strong>idem.</strong></span> <span class='ocrx_word' id='word_1_136' title='bbox 576 1562 639 1598; x_wconf 80' lang='lat' dir='ltr'><strong>Sic</strong></span> <span class='ocrx_word' id='word_1_137' title='bbox 670 1561 803 1598; x_wconf 82' lang='lat' dir='ltr'><strong>Turic-</strong></span> <span class='ocrx_word' id='word_1_138' title='bbox 844 1560 948 1598; x_wconf 80' lang='lat' dir='ltr'>Flor.</span> <span class='ocrx_word' id='word_1_139' title='bbox 978 1574 1068 1598; x_wconf 87' lang='lat' dir='ltr'><strong>cum</strong></span> <span class='ocrx_word' id='word_1_140' title='bbox 1100 1559 1203 1597; x_wconf 83' lang='lat' dir='ltr'>Alm.</span> <span class='ocrx_word' id='word_1_141' title='bbox 1258 1559 1419 1610; x_wconf 81' lang='lat' dir='ltr'>Reliqui</span> 
     </span>
     <span class='ocr_line' id='line_1_20' title="bbox 77 1618 344 1656; baseline -0.007 0"><span class='ocrx_word' id='word_1_142' title='bbox 77 1618 252 1656; x_wconf 73' lang='lat' dir='ltr'><strong>insenmt</strong></span> <span class='ocrx_word' id='word_1_143' title='bbox 279 1618 344 1655; x_wconf 85' lang='lat' dir='ltr'><strong>At.</strong></span> 
     </span>
    </p>

    <p class='ocr_par' dir='ltr' id='par_1_5' title="bbox 165 1672 1418 1722">
     <span class='ocr_line' id='line_1_21' title="bbox 165 1672 1418 1722; baseline -0.004 -11"><span class='ocrx_word' id='word_1_144' title='bbox 165 1675 230 1719; x_wconf 87' lang='grc'><strong>76.</strong></span> <span class='ocrx_word' id='word_1_145' title='bbox 270 1674 421 1710; x_wconf 77' lang='lat' dir='ltr'><strong><em>inhibet.</em></strong></span> <span class='ocrx_word' id='word_1_146' title='bbox 475 1674 608 1710; x_wconf 85' lang='lat' dir='ltr'><strong>Turic.</strong></span> <span class='ocrx_word' id='word_1_147' title='bbox 636 1675 764 1719; x_wconf 79' lang='lat' dir='ltr'><strong>J&#39;udex.</strong></span> <span class='ocrx_word' id='word_1_148' title='bbox 806 1673 910 1710; x_wconf 87' lang='lat' dir='ltr'><strong>Flor.</strong></span> <span class='ocrx_word' id='word_1_149' title='bbox 935 1677 982 1718; x_wconf 82' lang='lat' dir='ltr'><strong>(a</strong></span> <span class='ocrx_word' id='word_1_150' title='bbox 1004 1685 1062 1722; x_wconf 79' lang='lat' dir='ltr'><strong>pr.</strong></span> <span class='ocrx_word' id='word_1_151' title='bbox 1084 1673 1230 1719; x_wconf 80' lang='lat' dir='ltr'><strong>manu)</strong></span> <span class='ocrx_word' id='word_1_152' title='bbox 1260 1672 1418 1710; x_wconf 73' lang='lat' dir='ltr'><strong>videtur.</strong></span> 
     </span>
    </p>

    <p class='ocr_par' dir='ltr' id='par_1_6' title="bbox 77 1727 1453 2113">
     <span class='ocr_line' id='line_1_22' title="bbox 158 1727 1417 1780; baseline -0.001 -14"><span class='ocrx_word' id='word_1_153' title='bbox 158 1730 331 1780; x_wconf 81' lang='lat' dir='ltr'><strong>sciamus.</strong></span> <span class='ocrx_word' id='word_1_154' title='bbox 373 1730 506 1767; x_wconf 80' lang='lat' dir='ltr'><strong>Turic.</strong></span> <span class='ocrx_word' id='word_1_155' title='bbox 529 1729 631 1766; x_wconf 75' lang='lat' dir='ltr'>Flor.</span> <span class='ocrx_word' id='word_1_156' title='bbox 653 1731 784 1778; x_wconf 74' lang='lat' dir='ltr'>Camp.</span> <span class='ocrx_word' id='word_1_157' title='bbox 801 1729 947 1778; x_wconf 84' lang='lat' dir='ltr'><strong>scimus.</strong></span> <span class='ocrx_word' id='word_1_158' title='bbox 1063 1731 1112 1765; x_wconf 76' lang='lat' dir='ltr'><strong>vi.</strong></span> <span class='ocrx_word' id='word_1_159' title='bbox 1157 1729 1290 1764; x_wconf 79' lang='lat' dir='ltr'><strong>Turic-</strong></span> <span class='ocrx_word' id='word_1_160' title='bbox 1313 1727 1417 1765; x_wconf 79' lang='lat' dir='ltr'>Flor.</span> 
     </span>
     <span class='ocr_line' id='line_1_23' title="bbox 77 1785 1453 1838; baseline -0.003 -13"><span class='ocrx_word' id='word_1_161' title='bbox 77 1785 176 1835; x_wconf 78' lang='lat' dir='ltr'><strong>&lt;hic</strong></span> <span class='ocrx_word' id='word_1_162' title='bbox 196 1802 215 1824; x_wconf 81' lang='lat' dir='ltr'><strong>a</strong></span> <span class='ocrx_word' id='word_1_163' title='bbox 235 1801 295 1838; x_wconf 82' lang='lat' dir='ltr'><strong>pr.</strong></span> <span class='ocrx_word' id='word_1_164' title='bbox 319 1788 464 1833; x_wconf 74' lang='lat' dir='ltr'><strong>manu)</strong></span> <span class='ocrx_word' id='word_1_165' title='bbox 497 1785 685 1822; x_wconf 87' lang='lat' dir='ltr'><strong>omittunt</strong></span> <span class='ocrx_word' id='word_1_166' title='bbox 711 1799 802 1822; x_wconf 87' lang='lat' dir='ltr'><strong>cum</strong></span> <span class='ocrx_word' id='word_1_167' title='bbox 827 1785 930 1822; x_wconf 83' lang='lat' dir='ltr'><strong>Alm.</strong></span> <span class='ocrx_word' id='word_1_168' title='bbox 1154 1794 1290 1833; x_wconf 80' lang='lat' dir='ltr'><strong>quanto</strong></span> <span class='ocrx_word' id='word_1_169' title='bbox 1331 1786 1417 1821; x_wconf 80' lang='lat' dir='ltr'><strong>min.</strong></span> <span class='ocrx_word' id='word_1_170' title='bbox 1452 1833 1453 1837; x_wconf 13' lang='grc' dir='ltr'><strong>Ἰ</strong></span> 
     </span>
     <span class='ocr_line' id='line_1_24' title="bbox 82 1840 1418 1892; baseline -0.001 -12"><span class='ocrx_word' id='word_1_171' title='bbox 82 1843 473 1881; x_wconf 71' lang='lat' dir='ltr'><strong>&#39;1·1u-ic.1··1o1·.Guelf.</strong></span> <span class='ocrx_word' id='word_1_172' title='bbox 494 1843 626 1891; x_wconf 77' lang='lat' dir='ltr'><strong>Camp.</strong></span> <span class='ocrx_word' id='word_1_173' title='bbox 649 1856 721 1892; x_wconf 82' lang='lat' dir='ltr'><strong>quo</strong></span> <span class='ocrx_word' id='word_1_174' title='bbox 747 1858 793 1879; x_wconf 87' lang='lat' dir='ltr'><strong>m.</strong></span> <span class='ocrx_word' id='word_1_175' title='bbox 817 1856 906 1878; x_wconf 88' lang='lat' dir='ltr'><strong>cum</strong></span> <span class='ocrx_word' id='word_1_176' title='bbox 927 1841 1045 1878; x_wconf 78' lang='lat' dir='ltr'><strong>Goth.</strong></span> <span class='ocrx_word' id='word_1_177' title='bbox 1065 1841 1169 1879; x_wconf 77' lang='lat' dir='ltr'>Voss.</span> <span class='ocrx_word' id='word_1_178' title='bbox 1197 1856 1230 1878; x_wconf 86' lang='lat'><strong>1.</strong></span> <span class='ocrx_word' id='word_1_179' title='bbox 1255 1851 1290 1877; x_wconf 87' lang='lat'><strong>2.</strong></span> <span class='ocrx_word' id='word_1_180' title='bbox 1315 1840 1418 1880; x_wconf 76' lang='lat' dir='ltr'>Vall-</span> 
     </span>
     <span class='ocr_line' id='line_1_25' title="bbox 80 1897 1418 1946; baseline -0.003 -10"><span class='ocrx_word' id='word_1_181' title='bbox 80 1900 195 1936; x_wconf 87' lang='lat' dir='ltr'>Bodl.</span> <span class='ocrx_word' id='word_1_182' title='bbox 218 1902 332 1936; x_wconf 72' lang='lat' dir='ltr'><strong>Bam.</strong></span> <span class='ocrx_word' id='word_1_183' title='bbox 356 1910 394 1936; x_wconf 84' lang='lat' dir='ltr'><strong>et</strong></span> <span class='ocrx_word' id='word_1_184' title='bbox 424 1899 510 1935; x_wconf 82' lang='lat' dir='ltr'><strong>edd.</strong></span> <span class='ocrx_word' id='word_1_185' title='bbox 532 1910 617 1934; x_wconf 84' lang='lat' dir='ltr'><strong>ante</strong></span> <span class='ocrx_word' id='word_1_186' title='bbox 637 1898 745 1935; x_wconf 69' lang='lat' dir='ltr'>Bafil.</span> <span class='ocrx_word' id='word_1_187' title='bbox 773 1912 852 1935; x_wconf 84' lang='lat' dir='ltr'><strong>exc.</strong></span> <span class='ocrx_word' id='word_1_188' title='bbox 876 1898 965 1934; x_wconf 82' lang='lat' dir='ltr'><strong>Ald.</strong></span> <span class='ocrx_word' id='word_1_189' title='bbox 996 1898 1065 1945; x_wconf 87' lang='lat' dir='ltr'><strong>qui</strong></span> <span class='ocrx_word' id='word_1_190' title='bbox 1090 1899 1260 1946; x_wconf 76' lang='lat' dir='ltr'><strong>Namque</strong></span> <span class='ocrx_word' id='word_1_191' title='bbox 1288 1911 1334 1932; x_wconf 86' lang='lat' dir='ltr'><strong>m.</strong></span> <span class='ocrx_word' id='word_1_192' title='bbox 1358 1897 1418 1943; x_wconf 81' lang='lat' dir='ltr'><strong>ju-</strong></span> 
     </span>
     <span class='ocr_line' id='line_1_26' title="bbox 81 1951 1417 2004; baseline -0.003 -11"><span class='ocrx_word' id='word_1_193' title='bbox 81 1956 198 1994; x_wconf 79' lang='lat' dir='ltr'><strong>bente</strong></span> <span class='ocrx_word' id='word_1_194' title='bbox 226 1956 365 2004; x_wconf 83' lang='lat' dir='ltr'><strong>Regio.</strong></span> <span class='ocrx_word' id='word_1_195' title='bbox 533 1955 640 1990; x_wconf 82' lang='lat' dir='ltr'><strong>velle.</strong></span> <span class='ocrx_word' id='word_1_196' title='bbox 693 1955 755 1990; x_wconf 82' lang='lat' dir='ltr'><strong>Sic</strong></span> <span class='ocrx_word' id='word_1_197' title='bbox 775 1955 908 1990; x_wconf 76' lang='lat' dir='ltr'><strong>Turio.</strong></span> <span class='ocrx_word' id='word_1_198' title='bbox 935 1953 1039 1989; x_wconf 83' lang='lat' dir='ltr'>Flor.</span> <span class='ocrx_word' id='word_1_199' title='bbox 1062 1953 1197 1988; x_wconf 84' lang='lat' dir='ltr'>Ambr.</span> <span class='ocrx_word' id='word_1_200' title='bbox 1229 1967 1262 1988; x_wconf 80' lang='grc' dir='ltr'><strong>ι.</strong></span> <span class='ocrx_word' id='word_1_201' title='bbox 1289 1951 1417 1989; x_wconf 86' lang='lat' dir='ltr'><strong>Guelf.</strong></span> 
     </span>
     <span class='ocr_line' id='line_1_27' title="bbox 85 2008 1419 2060; baseline -0.002 -13"><span class='ocrx_word' id='word_1_202' title='bbox 85 2013 221 2060; x_wconf 66' lang='lat' dir='ltr'>Comp.</span> <span class='ocrx_word' id='word_1_203' title='bbox 253 2024 342 2046; x_wconf 87' lang='lat' dir='ltr'><strong>cum</strong></span> <span class='ocrx_word' id='word_1_204' title='bbox 373 2010 492 2046; x_wconf 85' lang='lat' dir='ltr'><strong>Goth.</strong></span> <span class='ocrx_word' id='word_1_205' title='bbox 522 2020 559 2045; x_wconf 88' lang='lat' dir='ltr'><strong>et</strong></span> <span class='ocrx_word' id='word_1_206' title='bbox 589 2009 773 2046; x_wconf 79' lang='lat' dir='ltr'><strong>omnibus</strong></span> <span class='ocrx_word' id='word_1_207' title='bbox 804 2009 929 2050; x_wconf 82' lang='lat' dir='ltr'><strong>libris,</strong></span> <span class='ocrx_word' id='word_1_208' title='bbox 965 2008 1073 2056; x_wconf 85' lang='lat' dir='ltr'><strong>quod</strong></span> <span class='ocrx_word' id='word_1_209' title='bbox 1103 2009 1212 2044; x_wconf 83' lang='lat' dir='ltr'><strong>Gesu.</strong></span> <span class='ocrx_word' id='word_1_210' title='bbox 1240 2008 1419 2045; x_wconf 82' lang='lat' dir='ltr'>restituit.</span> 
     </span>
     <span class='ocr_line' id='line_1_28' title="bbox 84 2064 1421 2113; baseline 0 -12"><span class='ocrx_word' id='word_1_211' title='bbox 84 2066 210 2104; x_wconf 77' lang='lat' dir='ltr'><strong>Aldus</strong></span> <span class='ocrx_word' id='word_1_212' title='bbox 230 2066 330 2102; x_wconf 80' lang='lat' dir='ltr'><em>nolle</em></span> <span class='ocrx_word' id='word_1_213' title='bbox 349 2064 456 2101; x_wconf 73' lang='lat' dir='ltr'><strong>dedit</strong></span> <span class='ocrx_word' id='word_1_214' title='bbox 477 2077 523 2099; x_wconf 83' lang='lat' dir='ltr'><strong>ex</strong></span> <span class='ocrx_word' id='word_1_215' title='bbox 541 2065 658 2113; x_wconf 78' lang='lat' dir='ltr'><strong>Regii</strong></span> <span class='ocrx_word' id='word_1_216' title='bbox 678 2076 828 2105; x_wconf 84' lang='lat' dir='ltr'><strong>mente,</strong></span> <span class='ocrx_word' id='word_1_217' title='bbox 863 2065 1028 2113; x_wconf 83' lang='lat' dir='ltr'><strong>reliquis</strong></span> <span class='ocrx_word' id='word_1_218' title='bbox 1054 2064 1365 2113; x_wconf 79' lang='lat' dir='ltr'><strong>obsequentibus.</strong></span> <span class='ocrx_word' id='word_1_219' title='bbox 1418 2080 1421 2082; x_wconf 89' lang='grc'><em>·</em></span> 
     </span>
    </p>

    <p class='ocr_par' dir='ltr' id='par_1_7' title="bbox 86 2117 1420 2222">
     <span class='ocr_line' id='line_1_29' title="bbox 172 2117 1420 2171; baseline 0 -14"><span class='ocrx_word' id='word_1_220' title='bbox 172 2135 241 2158; x_wconf 82' lang='lat' dir='ltr'><strong>nos</strong></span> <span class='ocrx_word' id='word_1_221' title='bbox 278 2121 373 2157; x_wconf 77' lang='lat' dir='ltr'><strong>cred.</strong></span> <span class='ocrx_word' id='word_1_222' title='bbox 430 2119 561 2156; x_wconf 78' lang='lat' dir='ltr'><strong>Turic.</strong></span> <span class='ocrx_word' id='word_1_223' title='bbox 600 2119 704 2157; x_wconf 77' lang='lat' dir='ltr'><strong>Flor.</strong></span> <span class='ocrx_word' id='word_1_224' title='bbox 737 2119 831 2167; x_wconf 81' lang='lat' dir='ltr'><strong>(hic</strong></span> <span class='ocrx_word' id='word_1_225' title='bbox 853 2134 872 2156; x_wconf 84' lang='lat' dir='ltr'>a</span> <span class='ocrx_word' id='word_1_226' title='bbox 902 2133 962 2171; x_wconf 79' lang='lat' dir='ltr'><strong>pr.</strong></span> <span class='ocrx_word' id='word_1_227' title='bbox 990 2117 1138 2168; x_wconf 80' lang='lat' dir='ltr'><strong>manu)</strong></span> <span class='ocrx_word' id='word_1_228' title='bbox 1171 2120 1290 2156; x_wconf 88' lang='lat' dir='ltr'><strong>Goth.</strong></span> <span class='ocrx_word' id='word_1_229' title='bbox 1320 2123 1420 2166; x_wconf 85' lang='lat' dir='ltr'><strong>(tac.</strong></span> 
     </span>
     <span class='ocr_line' id='line_1_30' title="bbox 86 2178 386 2222; baseline -0.02 -5"><span class='ocrx_word' id='word_1_230' title='bbox 86 2178 224 2222; x_wconf 67' lang='lat' dir='ltr'><strong>Geso.)</strong></span> <span class='ocrx_word' id='word_1_231' title='bbox 253 2190 327 2213; x_wconf 85' lang='lat' dir='ltr'><strong>non</strong></span> <span class='ocrx_word' id='word_1_232' title='bbox 357 2190 386 2212; x_wconf 84' lang='lat' dir='ltr'><strong>c.</strong></span> 
     </span>
    </p>

    <p class='ocr_par' dir='ltr' id='par_1_8' title="bbox 90 2231 1422 2393">
     <span class='ocr_line' id='line_1_31' title="bbox 175 2231 1418 2282; baseline 0 -13"><span class='ocrx_word' id='word_1_233' title='bbox 175 2244 239 2278; x_wconf 85' lang='lat'><strong>77.</strong></span> <span class='ocrx_word' id='word_1_234' title='bbox 280 2232 448 2268; x_wconf 79' lang='lat' dir='ltr'><strong>dicendo.</strong></span> <span class='ocrx_word' id='word_1_235' title='bbox 507 2231 638 2267; x_wconf 77' lang='lat' dir='ltr'><strong>Turio.</strong></span> <span class='ocrx_word' id='word_1_236' title='bbox 679 2231 783 2268; x_wconf 82' lang='lat' dir='ltr'><strong>Flor.</strong></span> <span class='ocrx_word' id='word_1_237' title='bbox 821 2232 914 2276; x_wconf 80' lang='lat' dir='ltr'><strong>(hic</strong></span> <span class='ocrx_word' id='word_1_238' title='bbox 946 2246 966 2267; x_wconf 83' lang='lat' dir='ltr'>a</span> <span class='ocrx_word' id='word_1_239' title='bbox 995 2246 1054 2282; x_wconf 89' lang='lat' dir='ltr'><strong>pr.</strong></span> <span class='ocrx_word' id='word_1_240' title='bbox 1084 2233 1229 2279; x_wconf 80' lang='lat' dir='ltr'><strong>manu)</strong></span> <span class='ocrx_word' id='word_1_241' title='bbox 1253 2233 1418 2271; x_wconf 78' lang='lat' dir='ltr'><em>dicimus.</em></span> 
     </span>
     <span class='ocr_line' id='line_1_32' title="bbox 91 2286 1422 2337; baseline 0.001 -12"><span class='ocrx_word' id='word_1_242' title='bbox 91 2289 291 2326; x_wconf 81' lang='lat' dir='ltr'><strong>Omittunt</strong></span> <span class='ocrx_word' id='word_1_243' title='bbox 321 2300 459 2323; x_wconf 83' lang='lat' dir='ltr'><strong>vocem</strong></span> <span class='ocrx_word' id='word_1_244' title='bbox 487 2286 614 2323; x_wconf 86' lang='lat' dir='ltr'><strong>Guelf.</strong></span> <span class='ocrx_word' id='word_1_245' title='bbox 650 2288 782 2337; x_wconf 83' lang='lat' dir='ltr'>Camp.</span> <span class='ocrx_word' id='word_1_246' title='bbox 807 2302 895 2324; x_wconf 86' lang='lat' dir='ltr'><strong>cum</strong></span> <span class='ocrx_word' id='word_1_247' title='bbox 917 2289 1022 2327; x_wconf 84' lang='lat' dir='ltr'>Voss&#39;.</span> <span class='ocrx_word' id='word_1_248' title='bbox 1052 2304 1085 2325; x_wconf 81' lang='grc' dir='ltr'><strong>ι,</strong></span> <span class='ocrx_word' id='word_1_249' title='bbox 1109 2298 1146 2333; x_wconf 78' lang='lat'><strong>5.</strong></span> <span class='ocrx_word' id='word_1_250' title='bbox 1196 2290 1323 2327; x_wconf 77' lang='lat' dir='ltr'><strong>Potest</strong></span> <span class='ocrx_word' id='word_1_251' title='bbox 1344 2289 1422 2326; x_wconf 79' lang='lat' dir='ltr'><strong>hoe</strong></span> 
     </span>
     <span class='ocr_line' id='line_1_33' title="bbox 90 2340 1090 2393; baseline 0 -11"><span class='ocrx_word' id='word_1_252' title='bbox 90 2340 272 2382; x_wconf 78' lang='lat' dir='ltr'><strong>blandiri·</strong></span> <span class='ocrx_word' id='word_1_253' title='bbox 315 2343 412 2382; x_wconf 82' lang='lat' dir='ltr'><strong>Obr.</strong></span> <span class='ocrx_word' id='word_1_254' title='bbox 438 2343 656 2393; x_wconf 79' lang='lat' dir='ltr'>transponit</span> <span class='ocrx_word' id='word_1_255' title='bbox 683 2345 764 2381; x_wconf 79' lang='lat' dir='ltr'><strong>den.</strong></span> <span class='ocrx_word' id='word_1_256' title='bbox 785 2345 854 2382; x_wconf 77' lang='lat' dir='ltr'><strong>dic.</strong></span> <span class='ocrx_word' id='word_1_257' title='bbox 877 2358 957 2381; x_wconf 86' lang='lat' dir='ltr'><strong>non</strong></span> <span class='ocrx_word' id='word_1_258' title='bbox 977 2340 1090 2382; x_wconf 78' lang='lat' dir='ltr'><strong>male.</strong></span> 
     </span>
    </p>
   </div>
   <div class='ocr_carea' id='block_1_4' title="bbox 55 2479 1425 2702">
    <p class='ocr_par' dir='ltr' id='par_1_9' title="bbox 127 2479 1425 2587">
     <span class='ocr_line' id='line_1_34' title="bbox 149 2479 1425 2530; baseline 0.005 -15"><span class='ocrx_word' id='word_1_259' title='bbox 149 2482 216 2527; x_wconf 85' lang='lat'><strong>76.</strong></span> <span class='ocrx_word' id='word_1_260' title='bbox 269 2479 446 2530; x_wconf 79' lang='lat' dir='ltr'><strong><em>personae</em></strong></span> <span class='ocrx_word' id='word_1_261' title='bbox 510 2484 723 2519; x_wconf 78' lang='lat' dir='ltr'><strong>reverentia.</strong></span> <span class='ocrx_word' id='word_1_262' title='bbox 780 2482 1007 2519; x_wconf 77' lang='lat' dir='ltr'><strong>videbimur</strong></span> <span class='ocrx_word' id='word_1_263' title='bbox 1039 2481 1290 2525; x_wconf 79' lang='lat' dir='ltr'><strong>maledicere,</strong></span> <span class='ocrx_word' id='word_1_264' title='bbox 1319 2482 1425 2521; x_wconf 78' lang='lat' dir='ltr'><strong>nihil</strong></span> 
     </span>
     <span class='ocr_line' id='line_1_35' title="bbox 89 2537 1425 2587; baseline 0.001 -13.029"><span class='ocrx_word' id='word_1_265' title='bbox 89 2538 244 2581; x_wconf 46' lang='lat' dir='ltr'><strong>walter</strong></span> <span class='ocrx_word' id='word_1_266' title='bbox 279 2539 304 2572; x_wconf 79' lang='lat' dir='ltr'><strong>si</strong></span> <span class='ocrx_word' id='word_1_267' title='bbox 334 2550 414 2573; x_wconf 87' lang='lat' dir='ltr'><strong>non</strong></span> <span class='ocrx_word' id='word_1_268' title='bbox 434 2537 575 2573; x_wconf 79' lang='lat' dir='ltr'><strong>‹lecet“</strong></span> <span class='ocrx_word' id='word_1_269' title='bbox 605 2541 639 2586; x_wconf 50' lang='grc' dir='ltr'><strong>ᾗ.</strong></span> <span class='ocrx_word' id='word_1_270' title='bbox 660 2538 724 2574; x_wconf 87' lang='grc'><strong>66.</strong></span> <span class='ocrx_word' id='word_1_271' title='bbox 782 2540 934 2575; x_wconf 83' lang='lat' dir='ltr'><strong>minuet</strong></span> <span class='ocrx_word' id='word_1_272' title='bbox 972 2538 1109 2575; x_wconf 82' lang='lat' dir='ltr'><strong>odium</strong></span> <span class='ocrx_word' id='word_1_273' title='bbox 1150 2552 1309 2581; x_wconf 85' lang='lat' dir='ltr'><strong>eorum,</strong></span> <span class='ocrx_word' id='word_1_274' title='bbox 1355 2540 1425 2587; x_wconf 81' lang='lat' dir='ltr'><strong>qui</strong></span> 
     </span>
    </p>

    <p class='ocr_par' dir='ltr' id='par_1_10' title="bbox 55 2593 1425 2702">
     <span class='ocr_line' id='line_1_36' title="bbox 55 2593 1425 2649; baseline 0.001 -17.027"><span class='ocrx_word' id='word_1_275' title='bbox 55 2595 140 2634; x_wconf 67' lang='lat' dir='ltr'><strong>ef.</strong></span> <span class='ocrx_word' id='word_1_276' title='bbox 162 2605 200 2630; x_wconf 84' lang='lat' dir='ltr'><strong>et</strong></span> <span class='ocrx_word' id='word_1_277' title='bbox 227 2594 264 2635; x_wconf 73' lang='grc' dir='ltr'><strong>θ’,</strong></span> <span class='ocrx_word' id='word_1_278' title='bbox 288 2602 334 2645; x_wconf 99' lang='grc'><strong>5,</strong></span> <span class='ocrx_word' id='word_1_279' title='bbox 350 2601 416 2637; x_wconf 81' lang='grc'><strong>55·</strong></span> <span class='ocrx_word' id='word_1_280' title='bbox 780 2608 853 2631; x_wconf 83' lang='lat' dir='ltr'><strong>nos</strong></span> <span class='ocrx_word' id='word_1_281' title='bbox 885 2595 1064 2635; x_wconf 81' lang='lat' dir='ltr'><strong>audient,</strong></span> <span class='ocrx_word' id='word_1_282' title='bbox 1099 2596 1206 2643; x_wconf 89' lang='lat' dir='ltr'><strong>quod</strong></span> <span class='ocrx_word' id='word_1_283' title='bbox 1225 2610 1292 2645; x_wconf 76' lang='lat' dir='ltr'><strong>per</strong></span> <span class='ocrx_word' id='word_1_284' title='bbox 1315 2593 1425 2649; x_wconf 78' lang='lat' dir='ltr'><strong>figu-</strong></span> 
     </span>
     <span class='ocr_line' id='line_1_37' title="bbox 140 2649 1148 2702; baseline 0.002 -15"><span class='ocrx_word' id='word_1_285' title='bbox 140 2649 176 2702; x_wconf 86' lang='lat' dir='ltr'><strong><em>fi</em></strong></span> <span class='ocrx_word' id='word_1_286' title='bbox 204 2650 311 2688; x_wconf 78' lang='lat' dir='ltr'><strong>velle.</strong></span> <span class='ocrx_word' id='word_1_287' title='bbox 363 2649 596 2700; x_wconf 84' lang='lat' dir='ltr'><strong>Ubicunque</strong></span> <span class='ocrx_word' id='word_1_288' title='bbox 631 2651 727 2688; x_wconf 79' lang='lat' dir='ltr'><strong>velle</strong></span> <span class='ocrx_word' id='word_1_289' title='bbox 782 2666 860 2687; x_wconf 86' lang='lat' dir='ltr'><strong>ram</strong></span> <span class='ocrx_word' id='word_1_290' title='bbox 889 2651 1148 2689; x_wconf 79' lang='lat' dir='ltr'><strong>maledicimus.</strong></span> 
     </span>
    </p>
   </div>
  </div>
 </body>
</html>
