1586 2990
153 238 246 281 522
447 225 1150 291 M.-FAB.1QU1NT11.1·.AN1
1198 241 1230 275 Ἀ

64 367 137 393 τοι
153 367 265 399 rere
297 351 532 401 habitum
563 352 873 418 gestumque
907 342 1012 400 fin'e
1044 359 1272 418 corpore.
1349 353 1453 404 Sed

147 443 215 475 ne
249 443 334 475 eae
368 429 607 492 quidem,
648 441 779 492 quae
806 437 940 474 recte
960 425 1454 485 :fiuntsdensandae‘

146 500 268 550 sunt
295 504 468 551 nimis.
524 512 737 554 ,namet
765 503 946 550 vultus
978 505 1223 560 mutatio,
1266 506 1452 567 oculo-,-

145 594 370 641 rumque
394 581 669 637 conjectus,
696 578 924 625 multum
946 577 1004 624 iu
1027 589 1142 626 actu
1162 579 1319 627 valet:
1358 578 1451 628 sed.
1524 638 1527 640 ,

143 650 180 699 fi
204 654 320 716 quis
345 653 535 700 ducere
562 670 619 701 os
650 651 910 715 exquisitis
942 652 1143 710 modis,
1182 663 1232 701 et
1258 653 1459 703 frontis*

75 723 78 726 ⁴
145 744 200 774 ac
232 729 498 775 luminum
526 726 867 776 inconstantia
893 727 1148 792 trepidare
1175 745 1285 778 non
1315 728 1448 778 defi-2

140 812 252 859 nat,
290 802 533 851 rideatur.
610 805 675 851 Et
701 812 874 851 orator
902 802 1055 850 habet
1073 792 1262 853 rectam
1282 821 1445 868 quan-

141 876 261 925 dam
288 878 436 926 velut
459 876 672 927 faciem:
714 891 845 940 quae
870 887 926 926 ut
957 875 1160 942 stupere
1182 879 1444 928 immobili

139 953 311 1016 rigore
336 969 445 1001 non
478 952 709 1010 debebit,
747 953 818 1000 ita
847 951 1049 1017 saepius
1070 954 1127 1001 in
1149 969 1236 1011 ea,
1276 969 1444 1018 vquam

53 1042 127 1067 ¹02
140 1039 324 1077 natura
359 1027 527 1085 dedit,
575 1027 740 1092 specie
774 1027 1087 1076 continenda
1118 1027 1204 1076 est.
1271 1029 1443 1077 Scien-

136 1102 265 1151 dum
288 1119 416 1163 vero
440 1104 496 1150 in
521 1104 726 1167 primis,
765 1102 895 1166 quid
917 1103 1137 1167 quisque
1162 1104 1220 1151 in
1243 1103 1442 1153 orando

135 1176 359 1243 postulet
394 1178 553 1235 locus,
601 1177 730 1242 quid
768 1173 1014 1246 persona,
1066 1177 1196 1240 quid
1230 1189 1437 1242 tempus.

133 1254 307 1312 Maior
336 1254 476 1300 enim
507 1269 622 1317 pars
652 1253 839 1300 harum
870 1249 1155 1316 figurarum
1185 1251 1343 1317 posita
1367 1252 1440 1301 est

132 1328 189 1375 in
218 1327 571 1375 delectatione.
633 1328 737 1374 Ubi
763 1342 886 1374 vero
917 1327 1191 1383 atrocitate,-
1220 1327 1438 1385 invidia,

130 1401 459 1451 miseratione
489 1401 834 1467 pugnandum
867 1399 966 1457 est,
1009 1402 1128 1463 quis
1161 1400 1290 1450 ferat
1317 1419 1443 1451 con-

132 1477 414 1543 trapofitis,
443 1487 492 1525 et
513 1478 703 1541 pariter
725 1475 1053 1532 cadentibus,
1089 1486 1140 1523 et
1159 1476 1437 1525 consimili·
1459 1539 1461 1541 Ι

130 1553 230 1601 bus
258 1551 572 1609 irascentem,
610 1552 835 1607 flentem,
873 1553 1175 1614 rogantem?
1229 1569 1349 1600 cum
1378 1553 1435 1600 in

128 1627 214 1676 his
245 1629 399 1676 rebus
439 1644 561 1677 cura
601 1627 886 1676 verborum
925 1626 1139 1690 deroget
1165 1622 1442 1676 affectibus-

127 1701 314 1751 fidem:
368 1713 420 1751 et
449 1703 754 1768 ubicunque
788 1717 866 1750 ars
902 1711 1211 1759 ostentatur,
1248 1703 1437 1753 veritas

126 1777 288 1837 abeffe
316 1778 569 1828 videatur.

213 1931 304 1955 ιοι.
345 1933 419 1955 eae.
471 1919 533 1954 Sic
561 1919 693 1955 Turio.
727 1921 773 1964 (a
796 1919 862 1955 sec.
887 1918 1029 1962 manu)
1060 1916 1186 1954 Guelf.
1238 1916 1308 1952 Ille
1331 1931 1349 1953 a
1372 1930 1431 1967 pr.

124 1987 241 2009 manu
259 1987 330 2022 pro
353 1988 396 2009 ne
414 1988 478 2009 eae
499 1975 596 2022 quid.
621 1975 688 2009 fic:
719 1988 787 2009 nea
812 1982 848 2008 et
866 1988 901 2022 q.
941 1973 1042 2009 Flor.
1063 1986 1108 2007 ne
1128 1986 1171 2007 ea
1191 1981 1226 2007 et
1246 1986 1280 2020 q.
1328 1973 1432 2008 Reli-

125 2030 195 2076 qui
221 2029 318 2063 haec.
501 2037 626 2064 orator
652 2029 766 2063 habet.
825 2029 887 2064 Sic
916 2029 1046 2063 Turic.
1067 2026 1167 2063 Flor.
1190 2027 1315 2063 Guelf.
1338 2026 1431 2075 (hic

123 2084 232 2132 prius
252 2084 396 2127 modo)
423 2085 553 2132 Camp.
576 2084 692 2119 Goth.
733 2085 806 2119 Sed
829 2083 928 2118 Alm.
953 2084 1055 2119 Voss‘.
1079 2093 1114 2117 2.
1140 2081 1236 2117 Vall.
1260 2082 1367 2118 Colb.
1392 2093 1432 2117 et

125 2138 210 2174 edd.
231 2149 315 2173 ante
335 2138 421 2173 Ald.
451 2139 598 2173 nonnisi
619 2139 659 2172 in
680 2140 808 2187 priore
830 2139 1079 2173 consentiunt.
1131 2137 1289 2184 Reliqui
1310 2139 1428 2172 oratio

123 2193 267 2233 habeat,
298 2194 406 2240 prius
429 2204 598 2228 mutante
614 2194 746 2240 Regio.
790 2191 961 2230 Vieiffim
977 2195 1096 2228 Stoer.
1120 2192 1283 2228 Chouet.
1307 2193 1427 2228 oracio

123 2249 248 2287 habet,
279 2261 373 2294 quae
395 2249 544 2283 fortaffe
567 2248 662 2283 ratio
686 2250 851 2296 praestat.

210 2314 297 2338 102.
328 2305 486 2351 quisque.
533 2304 663 2339 Turio.
698 2307 716 2347 (
728 2318 746 2337 a
767 2317 824 2351 pr.
847 2303 989 2346 manu)
1018 2303 1190 2352 quisquis.
1227 2301 1360 2336 Ambr.
1391 2315 1426 2336 1.

123 2360 212 2405 quis.
380 2371 459 2391 cum
483 2361 520 2392 in
547 2358 613 2392 his.
671 2359 800 2394 Turio.
828 2373 856 2393 c.
882 2367 966 2393 tam.
991 2359 1014 2391 ἰ.
1037 2358 1071 2392 h.
1096 2369 1184 2391 cum
1204 2355 1304 2391 Alm.
1355 2355 1426 2391 Ille

121 2425 141 2446 a
159 2414 223 2448 sec.
245 2425 360 2447 manu
381 2426 407 2446 c.
431 2422 549 2448 tamen
567 2413 622 2446 his
648 2424 684 2447 et
713 2415 759 2447 fic
780 2414 895 2448 Goth.
918 2411 1017 2448 Van.
1045 2414 1176 2461 Camp.
1224 2425 1254 2446 c.
1273 2413 1350 2454 iam
1370 2411 1426 2445 his

118 2468 216 2505 Jens.
239 2478 275 2503 et
306 2466 390 2503 edd.
419 2479 502 2503 ante
527 2467 612 2503 Ald.
662 2482 740 2502 cum
763 2471 842 2512 jam
871 2471 907 2502 in
929 2467 984 2501 his
1004 2467 1135 2502 Ambr.
1159 2479 1193 2502 ι.
1242 2467 1423 2502 Nostrum

120 2535 140 2556 a
168 2523 302 2569 Regio.
468 2524 628 2569 deroget.
668 2523 797 2558 Turio.
822 2523 923 2558 Flor.
947 2521 996 2565 (a
1016 2536 1074 2570 pr.
1098 2535 1213 2556 manu
1237 2524 1424 2568 uterque)

119 2577 284 2623 derogat.
353 2587 355 2589 '
396 2577 572 2613 videatur.
617 2578 747 2612 Turio.
769 2578 870 2613 Flor.
895 2579 1023 2626 Camp.
1045 2577 1197 2612 videtur.
1246 2576 1422 2622 Suspicor

119 2631 227 2666 fuiffe
248 2644 268 2665 a
289 2632 383 2678 Qu.:
419 2635 589 2680 quoniam
611 2634 646 2666 in
668 2634 723 2666 his
741 2653 793 2660 —
811 2634 966 2680 derogat
984 2651 1039 2659 -—-
1057 2633 1209 2667 videtur.
1249 2629 1418 2667 Clausala

206 2741 292 2766 102.
333 2744 409 2766 cum
435 2734 471 2766 in
494 2732 548 2766 his
569 2750 622 2760 --
643 2732 820 2770 videatur.
856 2732 902 2768 cf.
927 2742 1007 2769 not.
1031 2732 1114 2767 crit.
