1586 2990
350 103 514 153 ms'r.
551 102 996 159 Quonim.
1033 103 1129 160 lx,
1168 115 1212 160 3.
1347 112 1444 163 457

121 231 319 282 evaluit
356 229 504 281 rebus
531 227 832 301 agentibus,
879 228 1028 295 quod
1066 230 1240 280 Pollio
1266 229 1326 279 in
1349 233 1449 278 La-

60 344 65 354 ,
121 308 280 358 bieno
309 303 549 358 darnnat:
587 320 665 367 et,
704 306 1054 357 contumeliam
1074 303 1243 378 fecit,
1298 305 1448 372 quod

117 402 151 439 ,a
168 385 425 436 Cicerone
448 383 769 453 reprehendi
793 394 983 434 notum
1005 382 1100 433 est:
1141 379 1279 453 affici
1301 385 1447 432 enim

35 477 113 519 805
127 464 427 512 contumelia
457 462 713 512 dicebant.
786 462 904 511 Alia
937 461 1324 511 commendatio
1356 475 1514 515 xre-14

122 538 349 599 uastatis,
393 547 544 604 cujus
569 551 768 590 amator
795 538 952 588 unice
976 539 1228 604 Virgilius
1253 536 1375 597 fuit,

197 662 245 706 V
242 663 277 703 el
309 677 401 704 cum
414 657 466 724 se
484 644 688 717 pavidum
711 671 860 703 contra
878 677 968 703 mea
978 663 1127 722 jurgia
1139 663 1291 722 jactat
1303 676 1318 702 .·

191 733 435 783 Progeniem
455 726 538 793 sed
566 733 675 772 enim
708 731 893 791 Trojano
914 745 942 772 a
952 725 1164 792 sanguine
1185 729 1285 776 duci

147 827 150 830 ι
193 799 412 842 Audierat.
450 823 520 831 --
551 822 620 831 ——-

160 989 163 991 -
208 962 315 998 rebus
338 964 542 1011 agentibus.
574 964 636 998 Sic
659 963 791 999 Turio.
813 963 917 1002 Flor.
942 962 1074 999 Ambr.
1106 976 1136 999 ι.
1161 962 1289 1000 Guelf.
1322 962 1454 1014 Camp.

130 1031 219 1054 cum
240 1019 422 1055 omnibus
445 1022 551 1055 MSS.
575 1020 630 1053 scd
659 1018 742 1054 edd.
767 1033 785 1054 a
805 1022 902 1058 Jeus.
929 1030 1014 1055 ante
1029 1019 1125 1056 Obr.
1140 1020 1328 1055 omittunt
1341 1021 1456 1055 rebus.

219 1081 279 1118 14.
308 1072 508 1123 vetustatis.
567 1076 698 1111 Tui-ic.
727 1075 830 1112 Flor.
858 1073 954 1124 (hic
987 1076 1146 1125 quidem
1180 1089 1199 1111 a
1230 1089 1289 1126 pr.
1310 1080 1458 1121 manu)

130 1129 256 1166 Guelf.
278 1132 464 1172 veritatis,
495 1145 583 1167 cum
607 1131 710 1167 Alm.

186 1259 292 1294 rebus
316 1260 522 1307 agentibus.
584 1261 763 1311 Suspicor
813 1260 1233 1310 facere'contumeliam
1261 1261 1371 1298 velut
1397 1260 1462 1310 fa·

130 1315 275 1352 vitium
299 1316 370 1351 effe
391 1316 434 1351 in
457 1329 524 1358 eo,
563 1319 669 1365 quod
687 1319 764 1367 pas·
822 1332 900 1354 cere
926 1319 1110 1362 jacturam
1132 1331 1203 1366 pro
1227 1320 1319 1366 pati.

134 1374 210 1407 ssve
262 1372 486 1421 usurpatum
546 1374 596 1409 est
649 1375 766 1423 parti-

135 1428 285 1477 cipium
306 1454 317 1469 ,
374 1428 502 1477 qualia
561 1431 767 1466 mammae

136 1494 315 1534 portenta
357 1498 483 1521 amant
523 1487 643 1522 nostri
686 1501 770 1535 pra-

138 1541 298 1590 gmatici
329 1539 397 1587 (cf.
421 1550 458 1585 3,
474 1542 509 1583 6,
525 1543 616 1590 59):
651 1544 772 1585 „Vor-

138 1596 332 1638 „habende
587 1601 774 1648 tragende

139 1653 330 1695 „Liebe.“
367 1653 594 1690 Mirandum
617 1657 667 1691 est
689 1658 771 1700 sane

141 1709 249 1758 quod
278 1708 420 1757 liujus,
457 1724 553 1758 quae
574 1709 773 1748 ὲευαὶιιθηιε

142 1766 218 1813 Qu.
251 1777 425 1814 tempore
457 1767 532 1814 (cf.
560 1775 596 1812 3,
623 1769 659 1809 6,
685 1771 768 1813 32),

140 1820 353 1858 locutionis
393 1835 510 1859 nemo
551 1825 677 1861 adhuc
711 1839 774 1860 ex-

143 1877 316 1927 emplum
337 1879 610 1916 demonstravit
626 1882 668 1917 in
690 1882 776 1917 scri·

142 1934 323 1983 ptoribus
337 1961 346 1975 ,
388 1935 539 1971 fortass‘e
561 1948 688 1972 tamen
709 1937 778 1972 has

144 1989 346 2025 familiaris
367 1991 552 2027 sermoni«.
568 1993 693 2029 sordes
716 1992 779 2028 de-

146 2045 410 2094 dignantibus.
487 2048 653 2083 Labieni
691 2061 780 2083 cum

145 2101 325 2137 Pollione
339 2102 441 2137 rixas
452 2103 543 2138 vide
558 2104 601 2138 ad
616 2110 650 2146 4,
670 2118 704 2144 1,
724 2117 737 2137 1
751 2117 783 2140 ι.

146 2156 323 2194 Pollioni
352 2157 508 2193 videtur
538 2159 648 2197 fuiffe
677 2160 784 2208 quod

151 2215 335 2251 Ciceroni
355 2216 561 2252 Antonius.

385 1598 505 1633 sache
522 1626 532 1640 ,

210 2326 470 2362 contumeliam
523 2325 629 2376 fecit.
700 2326 781 2363 Cic.

882 1379 943 1418 ¹4·
986 1372 1188 1421 vetustatis.
1247 1373 1343 1420 Ejus
1376 1374 1461 1421 qui-

826 1430 914 1466 dem
946 1440 1077 1466 notam
1109 1431 1151 1466 in
1175 1429 1362 1478 exemplis
1385 1430 1460 1471 his,

828 1500 925 1534 quae
949 1487 1182 1527 afferuntur,
1214 1485 1459 1534 Viigilianis,

831 1556 910 1578 non
932 1543 1140 1592 agnoscunt
1159 1543 1351 1580 VV.DD.J
1394 1543 1462 1578 Vel

830 1599 915 1634 hoc*
933 1613 951 1633 a
984 1600 1171 1636 Cicerone
1205 1600 1338 1648 potius
1363 1600 1463 1634 sum-

828 1655 905 1690 fiffe
932 1654 1128 1704 Virgilius
1164 1655 1323 1691 Budaeo
1356 1655 1464 1691 vide-

829 1722 893 1747 tur
927 1712 1175 1757 (Comment.
1205 1725 1327 1760 graec.
1368 1711 1464 1760 ling.

826 1781 864 1816 p.
901 1774 1016 1814 ¹454·
1058 1768 1254 1804 indicante
1287 1769 1464 1812 Burm.),

833 1837 947 1872 quam
990 1824 1035 1860 ab
1074 1823 1242 1861 obsoleta
1282 1824 1467 1860 vetustate

832 1880 1016 1916 retuliss'c.
1074 1882 1123 1916 Et
1171 1879 1358 1916 Gesnerus
1401 1879 1469 1915 ali-

836 1936 932 1983 quid
965 1936 1200 1971 intercidisse
1230 1937 1300 1972 fibi
1319 1937 1469 1984 pei-[ua-

838 1992 901 2026 det
913 2002 996 2028 :otte
1010 1992 1114 2027 hunc
1124 1993 1290 2033 versum,
1306 1992 1411 2040 quod
1424 1992 1471 2026 ad

836 2048 1028 2082 vetustum
1053 2048 1163 2084 usum
1191 2047 1473 2097 particularum

841 2103 1034 2151 speciatim
1071 2103 1293 2152 perduci-et.
1351 2105 1475 2153 Equi-

842 2159 928 2194 dem
949 2173 1029 2194 non
1053 2170 1150 2208 puto
1177 2160 1223 2196 ad
1245 2160 1478 2208 hujusmodi

839 2214 1057 2251 remedium
1116 2217 1188 2253 effe
1249 2217 1477 2265 confugien·
1523 2229 1529 2236 ·

841 2271 957 2307 dum:
989 2271 1047 2308 vel
1066 2286 1146 2308 cum
1165 2273 1278 2317 (Aen.
1303 2272 1477 2318 ιἰ,406)

838 2327 881 2363 in
911 2328 983 2364 hac
1018 2329 1205 2365 orationis
1230 2330 1478 2379 praecisione,

154 2380 328 2429 Philipp.
365 2391 402 2425 5,
434 2394 470 2430 9.
529 2383 590 2418 De
626 2395 671 2418 eo
698 2381 789 2418 loco
846 2384 917 2420 ubi
949 2397 1064 2420 omne
1097 2384 1139 2420 id
1169 2386 1277 2434 quod
1313 2386 1480 2435 protasm

158 2436 367 2486 diligenter
397 2439 476 2487 egit
506 2438 550 2473 ad
581 2452 695 2488 quem
722 2439 785 2475 ab·
843 2440 951 2489 sequi
979 2440 1162 2483 debebat,
1189 2441 1330 2478 lectori
1362 2440 1477 2481 intel·

158 2492 287 2540 legant
320 2494 546 2543 interpretes
574 2497 604 2531 1.
625 2495 664 2530 F.
688 2495 786 2531 Gro-
845 2496 1056 2545 ligendurt»
1087 2496 1349 2546 relinquitur,
1379 2496 1482 2533 mul-

159 2549 302 2585 novius
338 2549 497 2586 Observ.
523 2559 558 2594 3,
582 2557 618 2595 8.
648 2565 686 2600 p.
709 2558 787 2594 375
847 2563 930 2588 tum
951 2552 1067 2589 habet
1087 2553 1312 2590 insolentiae
1327 2582 1336 2596 ,
1366 2565 1484 2604 quam

161 2612 320 2650 -084
350 2607 466 2642 Recte
495 2617 630 2642 monet
653 2608 789 2643 Gesne-
850 2621 922 2656 ego
962 2610 1185 2659 antiquitati
1225 2610 1486 2647 ascribendam

163 2674 249 2705 rus,
283 2662 357 2711 Qu·
386 2661 613 2700 intellexiss'e
645 2663 791 2702 dictum
849 2664 922 2703 ‘effe
950 2664 1062 2702 facile
1084 2666 1199 2704 credo
1226 2666 1488 2719 Quintiliano·
