1586 2990
273 267 436 315 INST.
461 257 758 314 ORATOR.
803 253 923 310 LIB.
944 270 945 273 ’
968 257 1085 317 VII,
1128 267 1176 318 4.
1294 271 1388 317 125

62 400 243 457 liceat;
282 397 420 461 etin
448 410 583 460 quae
619 393 837 442 crimina
866 392 1032 442 malae
1069 391 1391 441 tractationis

65 477 199 526 actio
232 493 346 525 non
375 471 559 532 detur-3
604 482 655 520 et
691 472 777 519 cui
823 469 1055 521 accusare
1098 469 1391 518 dementiae

66 570 179 604 non
200 553 545 619 permittatur.
612 547 1019 598 Abdicationum
1049 546 1249 597 formae
1271 545 1393 596 sunt
1408 563 1460 598 27

5 647 55 683 51
70 629 232 679 duae:
269 629 426 678 altera
447 627 682 676 criminis
709 624 952 692 perfecti,
991 635 1076 684 ut,
1117 624 1156 674 fi
1186 624 1393 673 abdice-

66 717 157 757 tur
188 716 398 771 raptor,
447 703 678 752 adulter.-
729 704 885 751 altera
914 703 1068 752 velut
1095 702 1394 769 pendentis,

66 793 118 832 et
161 781 335 832 adhuc
374 782 434 830 in
476 780 782 831 conditione
823 779 1003 845 pofiti;
1053 781 1230 845 quales
1258 778 1394 836 sunt,

67 863 118 909 in
164 857 344 925 quibus
387 856 656 907 abdicatur
685 857 863 928 filius,
920 860 1042 922 quia
1075 875 1172 906 non
1206 864 1397 922 pareat

63 939 222 1002 patri.
296 936 391 984 Illa
424 933 628 999 semper
657 934 886 1000 asperam
915 934 1201 983 abdicantis
1239 933 1399 982 actio-

67 1017 191 1064 nem
239 1012 424 1070 habet,
487 1011 848 1074 (immutabile
901 1008 974 1059 est
1020 1013 1188 1069 enim,
1250 1007 1400 1074 quod

67 1086 264 1140 factum
288 1088 426 1154 est:)
460 1088 587 1136 haec
613 1104 676 1135 ex
709 1097 853 1154 parte
889 1086 1163 1146 blandam,
1203 1098 1255 1136 et
1286 1085 1400 1135 sua-

69 1167 216 1217 denti
247 1165 492 1224 ssmilem3
538 1165 743 1214 mavult
777 1167 920 1212 enim
947 1174 1092 1229 pater
1121 1165 1400 1231 corrigere,

71 1261 230 1310 quam
263 1242 526 1292 abdicare:
577 1252 626 1290 at
659 1259 756 1308 pro
789 1240 914 1290 filiis
954 1243 1013 1290 in
1047 1252 1279 1307 utroque
1313 1257 1402 1306 ge·-

71 1329 201 1371 nere
223 1317 569 1376 summiffam‚
608 1330 660 1367 et
696 1318 760 1367 ad
795 1317 1219 1368 satisfaciendum
1258 1334 1402 1368 com-

73 1395 302 1464 positam.
379 1398 422 1447 A
451 1412 559 1463 quo
590 1393 903 1446 dissensuros
931 1394 1063 1455 scio,
1101 1397 1198 1461 qui
1231 1394 1400 1444 liben·
1416 1411 1468 1451 28

162 1599 258 1634 actio
278 1609 364 1632 non.
421 1596 551 1633 Turio.
573 1596 700 1634 Guelf.
725 1597 838 1635 Goth.
861 1598 958 1637 Jens.
989 1599 1089 1644 (tac.
1113 1597 1220 1634 Gesn.
1230 1599 1247 1643 )
1270 1598 1402 1648 Camp.

79 1654 266 1690 omittunt
286 1667 362 1689 non
393 1666 481 1689 cum
503 1654 584 1690 edd.
611 1665 696 1690 ante
719 1654 813 1691 Obr.
844 1655 921 1690 Hic
948 1655 1119 1702 quidem,
1144 1665 1188 1690 ut
1210 1667 1247 1690 et
1270 1655 1403 1695 modo,

77 1710 121 1746 in
143 1710 290 1746 vicinia
317 1708 479 1759 syllabae
503 1711 736 1747 continentis
755 1710 930 1748 vocalem
952 1710 1010 1753 O,
1043 1725 1139 1760 quae
1160 1712 1264 1761 saepe
1286 1711 1406 1747 officit

77 1766 286 1815 negationi.
345 1767 392 1804 cf.
426 1766 473 1808 6,
505 1775 551 1810 5,
586 1777 649 1810 71.

117 1913 122 1917 .
163 1878 228 1914 27.
254 1866 419 1918 perfecti.
466 1869 596 1905 Tunc.
618 1868 744 1905 Guelf.
765 1867 963 1918 perfectae.
1105 1870 1303 1906 abdicetur.
1325 1868 1406 1905 Tu·

79 1923 150 1961 ric.
170 1937 259 1960 cum
282 1923 384 1963 Alm.
416 1925 662 1962 abduceretur.
722 1925 848 1962 Guelf.
880 1928 1118 1963 abdicaretur.
1178 1929 1310 1975 Camp.
1342 1927 1407 1961 ad-

83 1979 278 2018 duceretur.
338 1981 384 2018 ef.
409 1982 454 2024 6,
486 1992 531 2022 2,
564 1988 628 2026 24.
850 1983 1019 2018 adulter.-
1049 1984 1168 2018 altera
1185 1984 1295 2019 velut.
1327 1984 1407 2018 Tu-

83 2035 166 2097 lit-²..-
194 2035 322 2072 Guelf.
363 2039 495 2086 Camp.
535 2038 680 2073 adulter
704 2038 816 2073 veluc-
873 2039 976 2074 Alm.
1021 2039 1110 2074 dare
1139 2050 1316 2075 narratur
1343 2039 1408 2079 rad.

85 2104 157 2140 alit
183 2104 396 2153 imperfecti.
434 2106 510 2153 (cf.
543 2110 597 2152 ᾖ..
615 2113 650 2150 5.
676 2107 768 2153 55.)
824 2107 1006 2155 Reliqui,
1032 2109 1075 2143 in
1107 2107 1248 2155 quibus
1275 2107 1410 2147 Goth..

85 2159 147 2196 ad.
169 2160 287 2196 altera
308 2161 513 2210 imperfecti
531 2161 642 2197 velue.
835 2164 1040 2212 pendentis.
1098 2164 1228 2201 Tu1·.ic
1263 2165 1312 2207 (a
1342 2162 1409 2198 sec.

84 2214 230 2264 manu)
263 2215 390 2254 Guelf.
426 2219 556 2267 Camp.
578 2217 789 2267 pendentes.

166 2273 256 2323 quia
295 2286 382 2308 non.
441 2274 503 2310 Sic
535 2275 666 2312 Turic.
698 2275 824 2313 Guelf.
865 2277 915 2312 Ca
899 2289 996 2326 imp.
1041 2288 1130 2312 cum
1158 2274 1260 2311 Alm.
1293 2274 1411 2312 Goth.

86 2327 192 2366 Vols.
232 2338 269 2365 2.
321 2339 358 2364 et
399 2329 484 2365 edd.
526 2342 611 2367 ante
663 2332 812 2383 Gryph.
860 2345 938 2382 quo
988 2344 1063 2368 acc.
1104 2331 1201 2368 Obr.
1249 2330 1412 2380 Reliqui

88 2386 152 2434 qui
179 2397 216 2422 n·

169 2438 268 2485 haec.
326 2442 457 2478 Turic.
488 2443 613 2481 Guelf.
637 2446 770 2495 Camp.
791 2446 977 2482 omittunt
997 2458 1086 2482 cum
1110 2443 1214 2482 Alm.

172 2499 361 2546 corrigere,
383 2512 503 2549 quam.
533 2502 662 2538 Turio.
686 2502 812 2539 Guelf
836 2505 967 2551 Camp.
991 2502 1181 2539 omittunt
1203 2514 1292 2538 cum
1310 2498 1414 2538 Alm-

87 2553 148 2590 An
176 2551 359 2602 primitus
391 2566 486 2591 erat:
517 2558 704 2598 „mauult
735 2573 765 2595 e.
790 2574 828 2608 p.
852 2573 926 2594 non
945 2559 1158 2595 abdicare“
1149 2557 1191 2594 ⁶?

161 2607 397 2661 summzffam.
456 2611 518 2648 Sic
537 2614 669 2651 Tutic.
699 2615 826 2653 Guelf.
861 2617 994 2665 Camp.
1027 2626 1065 2651 et
1086 2625 1181 2652 vett.
1200 2627 1282 2653 non
1292 2612 1413 2663 subm.

148 2779 211 2816 27.
250 2771 391 2807 mavult
410 2774 506 2808 enim
533 2792 589 2803 --
618 2772 722 2810 abdi·
825 2772 1143 2823 satisfaciendum.
1202 2772 1250 2810 cf.
1285 2773 1331 2814 6,
1375 2786 1410 2813 1,

92 2840 181 2864 care.
233 2828 315 2866 vid.
335 2840 415 2868 not.
437 2831 524 2869 crit.
780 2838 845 2876 50.
