1586 2990
252 173 317 223 48
553 165 627 211 M.
661 166 782 212 ΕΔΒ.
805 158 1230 228 ’ρσιΝΤιωΑΝῐ

255 289 450 353 quibus
494 289 639 338 nulla
687 290 918 354 exceptio
959 287 1055 336 est:
1111 299 1161 336 et
1193 300 1412 355 propter
1460 288 1552 338 hoc

256 360 440 433 ipsum
438 381 661 428 poenam
701 359 802 435 effe
839 359 1155 430 constitutam
1192 367 1285 423 eis,
1331 368 1418 430 qui
1455 381 1553 414 non

255 435 528 510 aff'uerint,
567 457 627 487 ne
661 438 882 502 periculo
926 438 1063 487 exilii
1093 439 1438 488 deterreantur
1488 436 1552 487 ab

240 516 613 562 advocatione·
594 551 610 573 ,
647 523 695 561 et
718 530 744 560 r
746 531 776 559 ιι
770 509 955 580 stzcum
969 516 1208 561 innocenti
1225 530 1322 562 non
1341 498 1552 586 affusse

238 589 405 637 dicet.
482 588 623 636 Illud
648 590 886 652 plotinus
921 604 1030 635 non
1059 587 1363 652 indignum,
1408 588 1555 653 quod

234 673 556 719 annotetur,
595 661 732 726 poffe
767 679 827 710 ex
861 679 968 711 uno
994 661 1122 711 statu
1145 662 1271 711 duas
1295 664 1555 727 generales

256 737 370 786 fieri
390 736 724 801 quaestiones,
761 738 852 785 sln
875 740 1130 801 quisquis?
1163 755 1230 785 an
1253 739 1556 802 cuicunque?

192 826 243 866 69
257 817 393 860 Haec
418 829 478 858 ex
500 812 700 860 duabus
719 810 948 875 personis
969 810 1188 875 quaesita
1206 810 1341 860 suht.
1389 815 1431 860 E
1455 822 1556 859 ter-

254 889 326 933 tia
367 896 563 942 autem,
611 903 742 950 quae
781 885 851 934 est
891 885 1188 943 adversarii,
1239 882 1388 934 hulla
1427 887 1558 935 oriri

256 960 485 1025 quaestio
505 959 698 1024 potest:
734 961 857 1023 quia
878 962 1024 1009 nulla
1054 959 1112 1007 fit
1141 961 1191 1008 ei
1208 959 1273 1008 de
1302 960 1390 1009 sua
1415 965 1558 1024 parte

257 1034 614 1088 controverfia.
687 1034 946 1085 Nondum
980 1045 1153 1084 tamen
1186 1042 1309 1084 cura
1341 1033 1556 1085 deficiat.

255 1242 392 1292 1afiim,
431 1246 532 1293 quali
554 1242 778 1279 declamatio
805 1242 987 1291 quaedam
1018 1243 1093 1289 (cf.
1117 1252 1152 1287 4,
1177 1251 1214 1284 2,
1235 1244 1328 1291 50.)
1357 1241 1402 1278 de
1435 1241 1558 1278 exule.

255 1301 359 1336 Huic
407 1299 546 1335 erroris
585 1299 868 1346 investigationi
915 1300 1032 1334 obstat
1068 1299 1223 1346 quidem
1247 1298 1556 1348 quodammodo,

255 1355 362 1402 quod
393 1351 610 1402 scholastica
638 1354 831 1401 antiquius
863 1354 911 1388 est
942 1354 983 1388 in
1018 1353 1129 1388 libris
1173 1366 1285 1401 quam
1313 1350 1560 1401 scholasticus.

255 1411 343 1444 Hoc
365 1409 467 1444 enim
489 1409 533 1444 ab
555 1408 774 1444 emendante
798 1408 867 1442 effe
887 1409 929 1442 in
943 1410 1073 1456 Camp.
1093 1418 1130 1442 et
1148 1408 1265 1443 Andr.
1284 1407 1394 1456 plane
1417 1407 1557 1441 censeo.

256 1464 331 1510 (cf.
355 1472 391 1507 5,
421 1472 481 1507 15,
521 1463 610 1511 19.)
681 1463 753 1497 Sed
797 1476 993 1510 perperam
1043 1460 1302 1497 continuando
1349 1461 1560 1497 orationem

257 1518 561 1566 vulgaribusque
601 1515 797 1553 vocabulis
838 1517 969 1552 ass'ueti
1005 1516 1124 1552 multa
1160 1526 1372 1565 potuerunt
1409 1515 1560 1551 turbate

257 1572 1255 1608 librarii..

344 1635 407 1671 58.
442 1627 627 1674 affuerint.
686 1625 812 1664 Guelf.
854 1628 984 1675 Camp.
1023 1626 1205 1674 affuerunt
1242 1638 1329 1660 cum
1368 1624 1484 1660 Goth.
1523 1633 1562 1659 et

259 1683 343 1718 edd.
366 1692 449 1716 ante
479 1682 774 1717 Bad Nost1um
797 1692 918 1716 tamen
941 1683 982 1716 in
1006 1682 1134 1716 Turio.
1258 1681 1386 1714 decer-r.
1409 1678 1454 1713 ab
1477 1679 1559 1714 adv.

259 1738 390 1772 Turio.
423 1737 656 1771 deteneantur
684 1739 895 1771 avocatione
918 1749 1004 1771 cum
1033 1734 1133 1770 Alm.
1175 1748 1221 1770 ex
1254 1746 1330 1782 quo
1354 1737 1400 1768 fic
1428 1736 1560 1769 Burm.

259 1792 504 1826 deterreantur
524 1805 546 1825 a
565 1793 754 1826 vocatione
782 1791 856 1835 (cf.
879 1797 940 1834 54.
964 1791 1063 1833 62.).
1115 1790 1290 1837 Suspicor
1313 1799 1413 1825 recte
1442 1788 1562 1823 abess'o
1584 1789 1586 1797 ⁴

257 1846 587 1894 praepositionem,
612 1859 683 1892 qua
706 1856 805 1880 caret
827 1846 953 1893 Camp.
975 1857 1138 1892 quoque.
1177 1846 1237 1895 De
1259 1845 1374 1878 deten.
1396 1843 1441 1878 cf.
1464 1842 1562 1877 Dra-

257 1899 370 1935 kenb.
406 1901 452 1935 ad
479 1901 567 1935 Liv.
593 1911 655 1940 22,
681 1906 743 1943 42,
766 1909 801 1942 7.
1030 1901 1219 1933 innocenti.
1274 1899 1405 1932 Turic.
1435 1896 1561 1932 Guelf-

259 1958 483 1990 innocentem
515 1968 602 1989 cum
623 1954 724 1989 Alm.
836 1967 908 1988 non
930 1955 1126 2000 indignum.
1158 1953 1287 1987 Turic.
1305 1955 1342 1996 (a
1357 1965 1414 1999 pr.
1428 1953 1561 1993 manu)

259 2010 389 2046 inserit
412 2011 463 2045 id.
501 2009 626 2045 Guelf.
651 2008 796 2045 omittit
817 2022 901 2044 non.
942 2008 986 2043 cf.
1018 2008 1061 2043 ad
1084 2008 1119 2048 6,
1143 2018 1179 2048 2.
1207 2020 1268 2043 ιι.
1297 2007 1390 2042 item
1410 2006 1473 2041 hic
1498 2012 1560 2053 59.

319 2172 380 2209 58.
431 2165 531 2200 Illud
578 2182 634 2192 -·-
681 2159 882 2199 annotetur.

260 2220 424 2255 Tantum
445 2220 683 2254 lucrifactum
700 2220 770 2253 effe
784 2219 885 2253 testa-

941 2161 1037 2198 dicit
1065 2161 1230 2210 protinus
1246 2173 1323 2197 non
1353 2161 1490 2209 spectat
1516 2156 1564 2194 ad

940 2218 1097 2252 initium
1126 2216 1284 2263 aliquod
1320 2214 1562 2252 tractationis,

188 2304 191 2311 .
259 2284 323 2309 tur
345 2275 384 2308 iu
408 2270 481 2309 fine
505 2273 620 2319 hujus
653 2273 885 2307 tractationis

261 2329 423 2365 duarum
470 2329 512 2363 iu
559 2328 628 2362 hac
674 2326 886 2362 scholastica

259 2385 524 2432 personarum,
558 2393 601 2417 ut
629 2383 702 2427 jam
729 2382 886 2415 sciamus

262 2452 309 2473 ex
335 2451 415 2475 uno
444 2438 559 2478 statu,
602 2436 730 2484 scripti
752 2446 786 2470 et
818 2447 886 2470 vo·

260 2492 436 2534 luntatis,
470 2493 622 2527 existere
654 2491 744 2525 duas
776 2503 886 2537 quae·

261 2545 398 2583 stiones
424 2546 636 2595 generales;
675 2545 778 2593 quod
809 2557 886 2579 me·

261 2603 405 2637 moriae
435 2603 604 2636 tironum
637 2599 884 2649 commendat.

260 2648 347 2692 Hoc
359 2654 462 2692 enim
480 2654 528 2692 est
541 2661 742 2692 annotetur.
773 2653 887 2701 Quod

940 2272 999 2306 scd
1019 2284 1159 2306 nexum
1177 2270 1347 2318 logicum
1369 2268 1562 2317 fignificat·

941 2326 986 2360 cf.
1013 2333 1047 2368 5,
1078 2338 1138 2365 10,
1167 2337 1255 2360 102.

944 2455 946 2457 Ι
1001 2420 1062 2459 59.
1113 2425 1157 2446 ex
1207 2412 1346 2447 duabus
1389 2409 1561 2460 personis.

944 2469 988 2503 Id
1013 2468 1082 2508 est,
1111 2468 1227 2515 patris
1252 2476 1289 2503 et
1312 2466 1452 2502 rustici.

998 2544 1043 2578 de
1062 2542 1132 2590 sua
1161 2552 1276 2592 parte.
1339 2543 1425 2583 „De
1457 2551 1563 2588 parte

942 2611 1082 2646 „quam
1103 2611 1149 2633 ex
1175 2609 1327 2645 paterna
1356 2595 1562 2630 hereditate

941 2653 1055 2696 „vult
1087 2658 1256 2703 capere-‘⁶
1295 2653 1451 2700 Capper.
