1586 2990
288 135 290 137 ,
348 90 508 138 INST.
555 88 830 137 ORATOR.
874 87 996 134 LIB.
1043 89 1182 148 VIII,
1219 103 1262 146 3.
1366 103 1463 151 229

149 217 221 268 est
238 217 421 268 sermo.
501 215 768 286 Quaedam
789 225 960 266 tamen
982 215 1155 265 adhuc
1173 226 1347 266 vetera
1371 232 1461 265 ve·
1479 230 1529 266 2⁷

120 295 329 346 *tustate
367 293 714 361 ipsa‘gratius
763 294 960 352 nitent,
1013 292 1265 360 quaedam
1307 293 1463 342 etiam

142 364 420 422 neeess'ario
454 371 666 419 interim
695 368 1004 429 sumuntur,
1037 373 1358 434 nuncupare,
1411 380 1464 418 et

54 446 290 519 633farz‘:
336 449 504 496 multa
535 449 630 495 alia
665 447 818 496 etiam
849 439 1124 498 audentius
1155 445 1321 495 inseri·
1345 445 1482 512 pos-.

141 524 289 584 sunu
328 524 418 573 sed
438 526 508 572 ita
531 524 775 582 demum,
813 523 848 572 fi
870 542 981 574 non
1002 533 1242 591 appareat
1260 519 1462 572 affecta·

141 602 244 652 tio:
282 603 342 651 in
382 618 540 667 quam
569 599 792 649 mirifice
814 602 1079 667 Virgilius,

78 764 81 765 ’
141 754 250 801 cujus
276 754 474 803 quomodo
509 765 574 789 aut
602 754 808 790 immemor
836 754 929 795 effe,
960 765 1024 791 aut
1055 754 1320 791 auctoritatem
1351 753 1459 789 defu-

139 824 228 859 gere
257 810 430 859 potuerit
462 811 609 851 noster,
649 811 794 845 mirum
824 811 906 846 sane
937 810 1065 846 videri
1091 810 1214 847 debet.
1268 810 1331 854 ,An
1359 810 1460 846 forte

141 867 248 914 quod
287 866 401 902 Craffi
449 876 621 914 tempore
665 865 1206 915 tole1·abatu1‚Quintiliani
1253 865 1459 903 exoleviffe

139 921 250 971 plane
270 920 476 958 dicemus?
503 922 603 961 Vide
634 933 670 957 et
696 937 738 962 ι,
771 923 816 963 6,
848 928 912 966 4ο.

224 1007 287 1043 27.
329 1001 438 1034 etiam
458 1012 532 1034 nec.
577 999 708 1034 Turic.
733 997 836 1035 Flor.
868 999 998 1049 Camp.
1023 996 1146 1048 effen.
1169 1011 1258 1033 cum
1279 997 1398 1033 Goth.
1419 1008 1457 1034 2.

137 1056 235 1094 Jens.
258 1065 294 1091 et
322 1055 407 1090 edd.
437 1053 627 1090 anteAld.
659 1054 874 1089 exc.Ta1-.v
1087 1053 1294 1103 sumuntur.
1324 1067 1458 1089 nuncu·

137 1125 238 1159 pare.
296 1111 427 1148 Turio.
470 1110 572 1146 Flor.
612 1110 745 1145 Ambr.
786 1123 818 1144 ι.
865 1109 991 1145 Guelf.
1031 1108 1064 1158 s
1105 1123 1331 1158 enuncupare
1368 1122 1458 1144 cum

124 1166 255 1204 ,Goth
283 1181 317 1203 1.
341 1177 376 1203 2.
406 1165 517 1203 Bodl.
544 1177 581 1202 et
600 1165 684 1201 edd.
705 1175 789 1200 ante
810 1164 895 1201 Ald.
922 1179 1002 1203 exc.
1025 1167 1156 1214 Camp.
1183 1166 1253 1214 qui
1271 1165 1456 1206 nostrum,

95 1270 103 1277 .
138 1222 247 1272 quod
262 1222 373 1259 Leid.
394 1222 550 1263 intulit,
572 1235 658 1257 cum
679 1223 905 1270 emancipare
924 1222 1095 1270 priores,
1118 1217 1243 1270 Regio
1267 1220 1458 1258 suadente.

137 1277 200 1314 Ad
221 1292 344 1314 cnunc.
367 1278 486 1313 rediit
506 1277 602 1314 Obr.
643 1278 730 1313 IIoc
750 1277 945 1326 improbat
967 1289 1067 1313 recte
1086 1280 1221 1315 Burm.
1244 1276 1372 1313 testem
1393 1276 1468 1312 ad·'

136 1334 274 1371 hibens
296 1334 376 1370 cic.
399 1334 425 1370 l.
446 1334 565 1369 modo
596 1347 627 1370 c.
659 1345 697 1369 ct
725 1333 925 1369 ostendens
957 1347 1036 1369 non
1062 1334 1226 1383 potuiss'e
1256 1331 1458 1369 desiderari

139 1390 232 1425 haec
251 1390 368 1426 verba
403 1390 443 1424 in
479 1389 707 1424 testamentis
738 1399 775 1425 et
802 1389 844 1424 in
874 1390 979 1425 votis
1009 1390 1082 1431 iis,
1125 1403 1219 1438 quae
1247 1401 1345 1425 voce
1376 1399 1457 1424 non

142 1445 280 1494 scripto
303 1445 446 1480 fuerint
466 1456 658 1494 concepta.
717 1445 824 1479 Idem
845 1445 887 1480 in
908 1445 1029 1482 altero
1048 1446 1170 1482 verbo
1194 1445 1340 1481 accedit
1359 1444 1457 1480 Obr.

141 1511 273 1536 contra
293 1499 415 1536 libros
433 1500 612 1536 scribenti
640 1500 765 1548 effari,
796 1500 906 1546 cujus
927 1503 969 1535 fit
995 1501 1081 1537 usus
1114 1501 1157 1537 in
1186 1500 1382 1549 auguriis,
1413 1510 1458 1537 ut

141 1566 266 1605 pateat
284 1569 302 1591 e
325 1555 404 1592 Cic.
427 1556 474 1592 ad
490 1556 566 1591 Att.
594 1565 664 1599 15,
697 1562 759 1600 42.
791 1558 896 1592 Serv,
921 1556 965 1591 ad
986 1557 1080 1592 Aen.
1100 1566 1148 1601 5,
1171 1557 1263 1601 465.
1293 1556 1339 1597 6,
1366 1566 1456 1604 197.

141 1611 261 1647 Addit
283 1613 467 1647 Gesnerus
498 1612 578 1648 Cic.
606 1613 668 1648 De
698 1613 818 1661 Legg.
852 1620 895 1651 2,
928 1619 964 1656 3.
993 1613 1085 1648 vide
1116 1623 1152 1649 et
1174 1612 1327 1648 Lexica.
1385 1611 1459 1647 Sed

140 1681 220 1703 non
243 1667 404 1703 debebat
423 1668 537 1707 ferri,
568 1668 671 1716 quod
693 1681 762 1717 per
790 1663 974 1703 ἀσύνδετον
996 1669 1253 1716 subjiciuntur
1281 1668 1348 1704 ista
1369 1681 1456 1704 ver·

141 1723 279 1759 borum
301 1723 486 1772 exempla.
546 1725 724 1773 Suspicor
753 1735 883 1759 natum
915 1739 1141 1773 emancupare
1180 1737 1227 1760 ex
1257 1733 1293 1761 et
1323 1739 1456 1759 nuncu-

77 1789 82 1792 ’
138 1793 238 1828 pase,
259 1779 367 1827 quod
386 1778 483 1814 male
506 1779 624 1826 {uerit
644 1780 823 1829 scriptum
842 1793 914 1828 pro
943 1790 982 1815 ut
1002 1796 1036 1817 n.
1068 1782 1167 1816 Mox
1186 1781 1228 1815 in
1241 1779 1322 1829 fari
1343 1779 1455 1816 facile

138 1835 224 1884 post
254 1844 290 1871 et
313 1835 511 1872 excidebat
540 1834 589 1884 es.
800 1834 906 1884 fari.-
929 1838 1055 1873 multa.
1097 1837 1160 1873 Sic
1188 1837 1320 1873 Turic.
1352 1836 1454 1872 flor.

141 1890 267 1931 Guelf.
297 1904 385 1927 cum
405 1891 521 1928 Goth.
548 1906 582 1927 ι.
603 1901 639 1926 2.
668 1890 772 1929 Voff.
797 1902 833 1928 2.
856 1891 999 1940 aliique
1022 1904 1058 1929 et
1078 1893 1186 1929 editi.
1214 1892 1373 1941 Reliqui
1396 1893 1455 1927 in-

138 1947 267 1983 [erunt
294 1957 352 1985 et.
570 1947 773 1983 audentius.
831 1948 893 1983 Sic
923 1949 1066 1985 Badius
1105 1950 1147 1984 in
1174 1949 1305 1997 priore
1348 1948 1404 1983 ed.
1436 1961 1456 1983 e

141 2003 372 2049 conjectura.
411 2002 571 2051 Reliqui
599 2002 842 2044 audientibus,
876 2004 940 2038 cui
972 2003 1168 2040 fulciendo
1197 2004 1285 2040 Ald.
1308 2004 1459 2038 addidit

141 2065 271 2105 grata,
305 2057 408 2105 quod
431 2058 480 2092 est
497 2059 537 2092 in
559 2058 738 2093 omnibus
762 2058 846 2106 post
868 2071 955 2093 eum
969 2084 981 2100 ,
1009 2073 1137 2108 ,neque
1162 2071 1288 2096 tamen
1309 2060 1352 2094 in
1374 2059 1457 2094 ullo

142 2122 272 2148 vetere
293 2125 416 2159 neque
450 2114 588 2163 scripto
618 2126 742 2160 neque
771 2113 919 2149 excuso.
1152 2129 1273 2165 quam.
1325 2115 1458 2151 Turio.

144 2182 217 2218 qua
249 2178 286 2204 et
312 2169 360 2202 fic
391 2167 478 2203 Ald.
512 2182 634 2216 eoque
663 2168 891 2232 posteriores
924 2179 1008 2205 ante
1040 2169 1135 2209 Ob1.

231 2223 743 2280 birgiliu5.T11ric.huic
773 2224 927 2259 nomini
967 2225 1121 2272 subjicit
1149 2235 1186 2262 et:
1223 2226 1312 2273 (fed
1343 2239 1360 2261 a
1390 2226 1458 2262 sec.

144 2281 287 2337 manu)
317 2289 356 2314 et
375 2281 423 2314 fic
444 2280 574 2328 Camp.
595 2279 712 2316 Goth.
742 2293 830 2316 cum
862 2280 945 2317 edd.
976 2292 1061 2318 aute
1086 2282 1197 2319 Leid.
1226 2284 1349 2331 (quae
1379 2283 1460 2329 ejus

146 2314 234 2370 loeo
255 2331 334 2383 est)
364 2347 442 2371 exc.
469 2334 583 2372 Aldo.

206 2465 272 2501 27.
308 2456 520 2506 sumuntur,
560 2475 779 2510 nuncupare.
833 2462 990 2504 Tacito,
1031 2472 1068 2499 et
1097 2463 1280 2517 ejusdem
1302 2462 1464 2510 originis

152 2513 199 2548 cf.
228 2523 307 2548 not.
345 2515 428 2550 crit.
834 2519 993 2554 nomina
1033 2521 1249 2558 audentior,
1293 2520 1466 2554 audentia

212 2571 321 2604 etiam
358 2569 558 2606 audentius.
633 2572 780 2608 Adver-
837 2575 1010 2623 usmpata
1033 2575 1182 2617 nostro,
1212 2576 1367 2616 Tacito,
1391 2574 1466 2609 Pn-

155 2625 266 2662 bium
297 2625 469 2661 audenter
499 2627 583 2663 satis
606 2628 781 2678 frequens
838 2628 910 2666 nio'
926 2631 1083 2668 minori.

534 2726 539 2749 Ι
