1586 2990
284 197 375 242 ¹88

588 189 661 234 M.
706 189 835 235 ΕΑΒ.
881 190 1286 250 QUINTILIANI

214 333 262 360 21
278 311 550 368 rumrvolo
584 310 678 379 else
701 311 1098 360 solicitudinem.
1165 315 1312 364 Nam
1342 308 1579 387 plerumssh

276 403 380 451 que
419 390 614 452 optima
645 387 799 434 rebus
849 385 1148 445 cohaerent,
1199 398 1250 437 et
1287 389 1579 459 cernunturg

276 461 368 512 suo
397 463 624 510 lumine:
667 470 715 508 at
737 477 831 509 nos
855 463 1151 525 quaerimus
1177 464 1292 522 illa,
1327 464 1581 535 tanquam<

273 537 461 586 lateant
496 535 720 601 semper,
764 534 916 600 seque
952 535 1252 586 subducant.
1328 542 1404 588 Ita
1435 535 1586 614 nunssl]

272 629 430 676 quam
455 621 701 675 putamus
738 612 871 659 circa
899 611 957 659 id
988 610 1107 670 effe,
1160 613 1226 664 de
1256 629 1364 680 quo
1382 614 1570 681 'dioen-

271 687 400 735 dum
424 685 519 734 est:
558 682 648 734 ‘sed
671 703 732 734 ex
754 686 866 734 aliis
889 687 1018 736 locis
1040 689 1280 753 petimus,
1312 681 1362 737 et
1385 690 1570 739 inven-

206 783 256 811 22
269 763 333 810 tis
354 763 466 810 vim
489 758 766 813 afferimus,
807 758 1007 821 Maiore
1031 765 1205 811 animo
1229 764 1586 831 aggredienda}

266 837 566 900 eloquentia
599 836 698 885 est:
764 852 919 901 quae,
959 836 995 885 fi
1027 846 1138 886 toto
1169 854 1388 904 corpore
1417 835 1583 921 νςιὶεῐλἸ

266 929 470 977 ungues
506 913 701 977 polire,
763 922 814 959 et
847 912 1093 977 capillum
1127 928 1405 978 reponere,
1456 929 1586 978 nou<

265 986 572 1035 existimabit
614 988 677 1036 ad
720 1003 896 1035 curam
934 986 1077 1036 suam
1121 989 1391 1053 pertinere.

1468 986 1578 1039 Sed³

267 1063 443 1110 evenit
470 1064 808 1127 plerumque,
845 1062 980 1110 utin
1006 1062 1101 1110 hac
1129 1062 1397 1132 diligentia
1427 1063 1570 1124 deteq

200 1154 250 1190 25
266 1139 375 1187 rior
405 1139 558 1186 etiam
590 1137 677 1186 fiat
709 1137 889 1187 oratio.

974 1133 1206 1187 Primum
1221 1174 1236 1196 ‚
1291 1140 1414 1203 quia
1447 1138 1567 1189 funt

350 1318 416 1345 21.
456 1310 605 1355 optima.
665 1308 795 1342 'rm-ic.
831 1307 958 1344 Guelf.
998 1308 1128 1357 Camp-
1159 1310 1294 1357 optimo
1325 1321 1414 1344 cum
1443 1310 1586 1347 Gotl1.‘

260 1363 362 1414 Algn.
383 1365 486 1401 Vols.
513 1375 547 1398 2.
578 1363 674 1401 Jens.
709 1365 822 1398 Tarv-

347 1429 408 1454 22.
440 1432 620 1466 reponere.
672 1418 767 1454 Obr.
789 1431 1013 1466 componere·

1229 1426 1268 1452 ut
1299 1420 1336 1452 in
1365 1418 1441 1454 hac.
1500 1420 1562 1455 Sic

262 1473 393 1510 Turio.
417 1474 542 1510 Guelf.
573 1474 701 1520 Camp.
727 1486 813 1508 cum
844 1473 960 1508 Goth.
983 1471 1084 1507 Alm.
1109 1472 1211 1509 Voss'.
1237 1483 1272 1507 2.
1306 1484 1342 1508 et
1371 1473 1454 1510 edd.
1478 1485 1562 1510 anto

258 1529 351 1564 Bad.
389 1530 464 1564 Hie
491 1529 639 1577 primus
670 1530 706 1561 in
729 1528 893 1568 omittit,

259 1584 508 1620 fecundarunt
536 1582 690 1631 reliqui.

317 1715 381 1743 22.
411 1706 582 1754 capillum
593 1718 774 1751 reponere.
803 1714 882 1738 tur-

257 1761 388 1796 batum
415 1761 581 1808 agendo,
619 1759 726 1794 velut
755 1769 881 1805 togam

259 1816 296 1856 6,
318 1825 354 1859 5,
381 1821 441 1860 54.
482 1828 545 1856 ιι,
568 1824 604 1858 3,
636 1820 722 1860 ¹49·
767 1814 812 1848 cf.
835 1814 880 1848 de

256 1870 397 1919 capillo
421 1871 500 1918 ipso
527 1884 589 1910 ιι,
618 1877 654 1910 5,
682 1876 769 1912 ¹48·

313 1955 361 1991 ut?
384 1947 420 1980 ἱη
445 1946 510 1980 hac
537 1945 739 1991 diligentia.
771 1945 879 1979 Dum

257 2002 298 2038 id
311 2002 428 2037 solum
442 2009 569 2048 agunt,
594 2009 637 2033 ut
649 2011 759 2046 quam
777 2011 879 2034 conn-

257 2057 391 2093 tiffima
413 2057 456 2091 fit
485 2054 713 2102 eloquentia,
746 2054 881 2102 effugit

257 2125 321 2148 eos
348 2123 462 2147 verus
486 2121 521 2145 et
549 2109 731 2143 masculus
754 2109 877 2145 decor.

255 2168 348 2204 Non
371 2177 445 2201 tam
467 2166 588 2212 igitur
616 2173 764 2211 propter
785 2164 879 2199 hauc

257 2222 362 2269 dilig.
374 2246 383 2260 ,
406 2220 466 2255 sed
481 2222 573 2255 inter
588 2219 757 2264 ejusdem
770 2231 877 2267 opus,

257 2276 423 2312 deterior
447 2272 489 2309 fit
507 2275 664 2321 etquafi
689 2274 880 2308 macrescit

256 2331 392 2367 oratio.
421 2330 468 2365 cf·
487 2333 522 2376 ᾗ.
537 2339 599 2372 27.
622 2329 768 2362 dum—
781 2329 875 2364 dum.

313 2427 375 2461 23.
406 2418 576 2453 Primum.
614 2417 700 2450 Hoc
721 2415 877 2463 quidem

255 2484 450 2521 expectare
480 2484 549 2507 nos
578 2471 683 2517 jubet
716 2470 874 2505 alterum

253 2529 478 2564 adverbium
494 2526 635 2566 deinde,
665 2537 733 2561 nec
753 2536 875 2560 tamen

254 2583 465 2632 quidquam
496 2580 567 2616 tale
594 2582 627 2615 se
651 2581 772 2616 offert.
827 2581 876 2615 Et

254 2638 400 2673 omittit
429 2649 563 2672 vocem
590 2636 750 2671 nostram
778 2647 875 2670 unus

254 2703 353 2729 certe
375 2691 583 2729 Gothanus.
614 2692 710 2728 Mox
728 2698 877 2739 propter

933 1540 1012 1563 non
1033 1527 1182 1562 monito
1205 1526 1366 1569 lectore,
1397 1529 1461 1564 cui
1494 1529 1562 1565 ob·

940 1705 987 1749 id!
1014 1703 1112 1753 quod
1149 1702 1349 1752 displicuit
1389 1703 1563 1746 Rollino2

938 1772 1015 1794 non
1034 1759 1227 1794 immerito
1241 1760 1408 1806 quidem,
1430 1771 1468 1796 et
1483 1774 1559 1796 ma-

936 1812 1037 1849 lebat
1056 1822 1198 1860 praeter
1222 1815 1260 1848 id
1280 1816 1379 1863 quod
1401 1814 1476 1863 (cf.
1498 1829 1558 1857 ιο,

937 1876 974 1909 2,
991 1868 1053 1903 26.
1076 1868 1135 1903 sed
1155 1878 1190 1903 et
1200 1879 1278 1903 not.
1291 1870 1372 1904 crit.
1384 1871 1414 1914 )
1443 1869 1560 1906 Amb-

934 1923 1000 1970 igo
1031 1935 1075 1956 an
1096 1923 1165 1957 hac
1185 1924 1394 1959 mutatione
1422 1924 1558 1960 admit-

936 1978 1046 2012 tenda
1090 1979 1246 2025 primum
1291 1990 1444 2026 quoque
1491 1993 1558 2015 no-

935 2032 1048 2068 strum
1095 2032 1333 2073 vindicetur,
1382 2044 1425 2068 ut
1458 2033 1559 2072 illud

934 2096 1077 2134 praeter
1123 2088 1160 2121 id
1207 2073 1395 2123 vaiiatum
1440 2090 1556 2124 modo

934 2142 1052 2178 fuerit
1083 2154 1154 2190 pro
1186 2142 1333 2182 deinde,
1359 2156 1460 2178 .cum
1492 2144 1556 2178 lm-

934 2197 1020 2232 beat
1065 2207 1188 2232 tamen
1234 2196 1388 2232 alterius
1431 2199 1555 2233 causae

932 2250 1254 2299 significationem.
1339 2252 1410 2288 Sed
1472 2263 1554 2288 tum

932 2305 1050 2340 velim
1091 2306 1206 2342 verba
1237 2306 1303 2341 illa
1342 2307 1555 2343 obumbrant

922 2356 1158 2407 strangulant:
1208 2362 1347 2396 mutari
1391 2362 1552 2410 paffivis,

931 2428 978 2450 ne
1009 2428 1191 2462 cogamur
1227 2415 1433 2462 subjectum
1469 2431 1552 2452 rnu-

932 2470 1029 2504 tuari
1048 2483 1094 2504 ex
1104 2470 1422 2506 antecedentibus.
1445 2473 1553 2507 Tunc
1571 2474 1573 2476 ’

932 2526 1044 2559 etiam
1105 2524 1242 2560 melius
1296 2525 1459 2562 abfuerit
1519 2534 1553 2563 et

930 2580 1012 2627 post
1044 2579 1200 2616 obumbr.
1242 2579 1343 2626 Quid
1371 2581 1471 2616 enim
1493 2581 1551 2619 est·

933 2635 1035 2683 qnod
1065 2635 1210 2674 „seusus
1249 2634 1346 2670 laeto
1383 2636 1551 2684 gramine

930 2691 1029 2732 „sata
1050 2688 1278 2738 strangulant
1289 2687 1338 2725 ¹?“
