1586 2990
253 282 349 330 452
535 270 614 316 M.
663 271 796 316 ΕΑΒ.
845 267 1252 329 QmNTlLlANt

246 397 322 446 Ex
354 395 458 444 illis
488 395 656 450 enim,
694 394 913 456 quinon
942 387 1120 448 risere,
1151 388 1416 455 hicquem
1433 405 1547 438 non

214 481 237 520 9
254 470 472 536 dignata.
539 473 599 517 In
625 471 819 525 Satura,
1216 482 1220 492 ¹

311 602 379 611 —
410 580 476 619 Et
495 575 677 639 nostrum
707 575 819 638 {stud
834 578 969 617 vivere
996 575 1113 636 triste
1131 568 1305 634 Aspexi,

248 694 370 729 cum
399 673 610 724 infinito
642 675 807 724 verbo
839 672 896 723 fit
917 673 1039 723 usus
1060 690 1158 739 pro
1180 670 1548 738 appellatione:

334 848 390 882 hic
420 860 525 896 quem
554 860 627 883 non
659 846 823 893 dignata.
890 846 951 882 Sic
986 845 1117 881 Turio.
1149 841 1274 887 Guelf.
1304 843 1434 890 Camp.
1465 853 1551 876 cum

251 903 352 940 Alm.
376 914 412 938 et
433 903 516 937 edd.
539 912 621 937 ante
642 901 732 936 Bad.
763 902 854 936 hunc
865 914 966 948 quem
985 913 1057 935 nou
1076 900 1228 946 dignata
1249 897 1351 933 Flor.
1374 895 1500 932 Ambr.
1518 910 1552 930 ι.

254 972 344 994 cum
365 958 480 993 Goth.
505 957 608 995 Voff.
639 965 675 991 2.
703 969 775 991 non
801 958 973 1003 dignatus
993 956 1079 990 deus
1099 968 1162 989 nec
1185 954 1255 988 dea
1275 954 1428 1000 dignata
1445 949 1558 987 Bam.

255 1016 314 1050 hic
343 1027 446 1063 quem
475 1026 550 1049 non
571 1013 744 1060 dignatus
765 1013 870 1051 deus,
902 1025 965 1046 nec
983 1011 1050 1045 (lea
1071 1010 1223 1056 dignata
1246 1007 1340 1044 Obr.
1397 1005 1554 1053 Reliqui

255 1070 348 1105 hunc
369 1082 443 1103 non
465 1069 637 1115 dignatus
657 1069 744 1102 deus
765 1081 828 1102 nec
848 1067 917 1101 dea
938 1067 1102 1113 dignata.
1162 1066 1447 1111 Supervacuum
1470 1062 1552 1109 Iup·

255 1123 513 1173 plementum‚
543 1123 626 1157 satis
658 1122 759 1157 enim
784 1134 902 1169 gnaro
924 1122 999 1166 jam
1021 1119 1200 1155 carminis
1216 1117 1354 1153 lectori
1371 1115 1554 1165 fignifica-

257 1189 343 1220 tur,
373 1189 410 1212 et
431 1177 536 1225 cupit
556 1177 716 1225 scriptor
736 1177 814 1212 cito
835 1175 1007 1223 defungi.

343 1257 378 1291 9.
421 1244 585 1291 dignata.
643 1246 686 1279 In
717 1245 859 1281 Satura.
917 1243 978 1278 Sic
1028 1241 1158 1277 Turic.
1209 1240 1312 1276 Flor.
1350 1238 1482 1274 Ambr.
1518 1251 1552 1272 1.

192 1299 196 1302 ⁴
258 1299 384 1336 Guelf.
418 1307 454 1332 et
489 1309 571 1334 ante
611 1301 648 1333 in
678 1300 847 1334 inserunt
878 1298 993 1333 Goth.
1025 1298 1154 1344 Camp.
1176 1296 1270 1334 Jens.
1296 1296 1394 1338 (err.
1417 1293 1553 1335 Gesn.)

258 1352 346 1390 cuin
367 1353 468 1388 Alm.
492 1353 566 1398 (cf.
590 1357 622 1400 ς.
650 1368 682 1390 ι.
711 1354 798 1397 15.)
828 1353 930 1390 Voff.
955 1362 990 1386 2.
1015 1363 1051 1387 et
1071 1351 1154 1386 edd.
1177 1361 1259 1386 ante
1280 1347 1427 1397 Gryph.
1482 1349 1556 1381 Re-

256 1408 359 1457 liqui
388 1409 480 1443 haec
511 1408 618 1444 dant:
650 1410 750 1456 dign.
780 1407 836 1442 Et
864 1410 1063 1442 mutatione
1089 1408 1248 1453 partium
1268 1405 1362 1438 utin
1380 1403 1455 1451 ὁζαῑ.
1478 1414 1558 1437 non

258 1464 417 1513 quidem
439 1477 458 1498 e
480 1464 593 1512 Regii
615 1465 831 1511 conjectura
851 1463 914 1507 (ut
940 1463 1060 1497 censet
1081 1460 1216 1509 Gesu.)
1248 1459 1316 1509 qui
1335 1457 1433 1495 ceni
1457 1454 1574 1493 nihil‘

256 1517 428 1559 definiit,
469 1519 655 1566 cujusque
687 1529 803 1554 aetate
834 1517 936 1552 nihil
964 1517 1036 1552 tale
1072 1516 1244 1551 additum
1275 1513 1365 1550 fuit.
1396 1511 1442 1549 cf.
1464 1514 1498 1559 §.
1521 1521 1558 1555 7.

254 1575 319 1611 De
350 1575 481 1611 Satura
513 1575 618 1618 (nam
642 1576 690 1610 fic
710 1574 840 1610 Turic.
863 1571 986 1622 Plor.)
1004 1571 1049 1608 cf.
1075 1583 1110 1620 9,
1135 1581 1172 1613 2,
1198 1571 1263 1615 56.

260 1710 371 1757 Virg.
401 1707 484 1743 Ecl.
521 1720 558 1752 4,
595 1709 657 1745 62.
689 1709 752 1752 65.
808 1709 885 1743 Hic

261 1763 450 1799 scribendi
471 1773 508 1799 et
517 1763 792 1812 interpretandi
804 1776 885 1799 mo-

266 1819 337 1854 dus
380 1827 482 1852 recte
519 1819 601 1866 post
630 1819 816 1854 Bembum
849 1829 885 1853 et

263 1873 521 1920 Erythraeum
541 1874 717 1919 rejicitur
728 1874 772 1909 ab
789 1875 819 1908 1.
833 1874 882 1908 H.

263 1927 396 1967 Voffio
423 1928 467 1962 in
489 1929 773 1963 Commentario
787 1953 796 1968 ‚
819 1941 884 1963 se-

248 1983 488 2033 ⁴petiturque
531 1996 550 2017 a
585 1984 685 2019 vitio
727 1982 888 2022 librarii,

265 2039 375 2084 cujus
408 2039 580 2073 codicem
605 2040 798 2087 usurparet
817 2040 889 2085 Qu.

263 2094 323 2128 Ex
339 2103 466 2128 vetere
490 2093 590 2127 enim
609 2094 790 2142 scriptura
806 2094 891 2141 quoi

263 2148 340 2193 (cf.
367 2162 400 2188 1,
415 2157 451 2190 7,
466 2157 515 2191 27
531 2148 548 2195 )
577 2159 800 2196 corruptum
813 2159 890 2183 erat

269 2205 349 2251 qui,
399 2213 435 2237 et
462 2204 606 2243 noster,
645 2202 786 2251 figurae
819 2216 888 2238 no-

269 2257 400 2292 tandae
422 2259 543 2305 magis
562 2259 744 2298 intentus,
775 2271 887 2306 quam

219 2320 222 2323 '
266 2312 395 2348 versus
416 2313 457 2347 in
478 2313 653 2347 carminis
672 2314 786 2360 ipsius
800 2326 889 2348 con-

268 2365 577 2414 templationem,
623 2368 788 2415 arripuit
815 2368 890 2402 hoe

266 2422 310 2458 in
336 2421 564 2471 exemplum.

327 2489 361 2524 9.
392 2479 436 2512 In
457 2479 598 2512 Satura.
627 2479 676 2513 Et
695 2478 794 2526 apud
805 2480 892 2512 Per·

269 2532 363 2567 fium
403 2546 438 2573 ι,
470 2540 507 2577 8.
564 2532 780 2581 Abruptum
813 2534 894 2567 sane

268 2586 344 2622 hoc
383 2598 420 2623 et
461 2588 588 2622 minus
619 2598 892 2636 praeparatum,

271 2655 340 2678 nec
389 2655 591 2678 monemur
629 2643 740 2676 aliam
780 2655 891 2682 nunc,

273 2710 385 2744 quam
415 2698 561 2737 adhuc,
588 2698 693 2745 tangi
717 2697 891 2745 figuram,

271 2765 366 2801 quae
411 2751 455 2788 fit
493 2752 667 2802 partibus
704 2753 890 2788 <nationis

939 1706 1142 1743 mutandis.
1203 1703 1360 1741 Mollias
1381 1701 1560 1751 aliquate-

939 1775 1009 1798 nus
1043 1761 1205 1808 legendo
1227 1757 1277 1807 est
1304 1759 1407 1806 (.,ln
1429 1760 1562 1792 Satura

939 1817 1093 1859 ‚,est:“)
1138 1828 1210 1864 pro
1247 1823 1311 1854 „et
1352 1812 1561 1848 nostrnm“.

939 1875 1090 1907 Poterat
1107 1871 1207 1915 enim
1230 1881 1396 1905 errorem
1417 1876 1573 1914 parere,¹

939 1927 1045 1974 quod
1076 1925 1118 1960 in
1137 1926 1259 1960 Persio
1280 1923 1362 1972 ipso
1383 1920 1564 1970 praemit-⁷

947 1982 1042 2016 titur
1059 1990 1105 2021 et,
1135 1979 1287 2014 sednon
1306 1977 1445 2013 faciens
1465 1973 1565 2010 illud

946 2037 988 2070 ad
1022 2034 1240 2083 exemplum
1272 2045 1350 2082 quo
1370 2031 1436 2066 hie
1456 2040 1564 2078 opus.

944 2092 1080 2139 Neque
1127 2101 1252 2126 tamen
1309 2099 1398 2123 cum
1444 2084 1565 2122 Badio

945 2146 1180 2184 contendam,
1207 2141 1465 2180 subaudiendo
1493 2138 1571 2191 ⁵³fl‘,

944 2215 1061 2248 „gara
1099 2199 1186 2247 est‘ss
1235 2198 1366 2234 locum
1405 2194 1560 2243 expleri,

944 2269 1012 2291 nec
1056 2257 1178 2304 igitur
1224 2265 1401 2289 mancum
1439 2250 1563 2296 dicen-

946 2312 1050 2346 dum.
1082 2311 1153 2346 Sed
1173 2310 1334 2344 inserere
1356 2306 1563 2355 quidquam

947 2379 1006 2400 me
1041 2366 1182 2414 pariter
1211 2375 1251 2398 ac
1279 2363 1441 2410 Regium
1463 2367 1564 2395 vetat

947 2421 1086 2469 religio
1107 2419 1312 2455 vetustatis.
1348 2417 1473 2452 Etiam
1489 2415 1563 2450 hoc

949 2477 1033 2513 ratis
1072 2477 1220 2511 durum·
1249 2473 1356 2523 quod
1392 2471 1472 2520 usus
1498 2467 1561 2519 fit.

949 2533 1047 2572 vult,
1087 2531 1212 2566 subito
1233 2527 1387 2576 respicit
1408 2527 1453 2561 ad
1473 2529 1560 2573 poe*-

950 2597 1046 2628 tam,
1095 2587 1279 2624 Perfium,
1321 2583 1428 2628 cujus
1460 2575 1562 2615 nulla

948 2655 1016 2676 nec
1045 2643 1086 2676 in
1115 2640 1312 2689 prioribus
1345 2649 1414 2672 nec
1445 2636 1487 2670 in
1511 2633 1560 2667 se-

949 2697 1154 2744 quentibus
1174 2694 1335 2730 mentio.
1372 2693 1562 2727 structura

948 2752 1103 2799 quidem
1135 2763 1210 2786 cum
1237 2747 1318 2799 usus
1334 2745 1387 2797 fit
1417 2754 1454 2780 et
1471 2753 1561 2779 mox
