1586 2990
242 247 344 307 276.
547 243 620 297 Μ.
655 253 785 300 FAB.
829 254 1235 314 QUINTiLiANt

239 372 312 425 eo'
341 385 601 442 tempore,
649 392 757 439 quo
786 372 1060 440 praecipue
1093 377 1272 426 alenda
1317 381 1541 445 ingenia,

241 461 395 514 atque
444 452 770 515 indulgentia
808 451 1029 514 quadam
1064 454 1369 503 enutrienda
1405 455 1540 512 sunt,

240 524 556 589 asperiorum
594 536 810 574 tractatu
845 543 1019 575 rerum
1063 538 1379 578 atteruntur:
1439 539 1540 587 aut,

238 599 278 647 fi
316 595 440 648 liaeo
471 599 575 648 sola
611 595 915 659 didicerint,
957 601 1073 651 satis
1103 600 1154 650 se
1189 602 1256 651 'ad
1294 599 1566 667 «31οᾔ110ῐί--

236 677 360 722 tiam
406 674 683 725 instructos
735 677 1074 727 arbitrantur:
1138 689 1251 736 aut,
1298 678 1440 743 quasi
1476 679 1586 743 adde

238 761 395 799 certas
433 741 679 814 quasdam
712 751 922 800 dicendi
955 754 1090 818 leges
1125 754 1339 818 alligati,
1389 771 1540 803 cona-

198 834 349 875 5tum
384 843 594 874 omnem
625 827 982 876 reformidant.
1057 827 1217 876 Unde·
1252 827 1540 877 existimant

223 899 490 964 accidisse,
535 913 618 960 ut,
664 904 757 967 qui
795 902 1161 968 diligentiffimi
1182 905 1390 959 Artium
1419 896 1540 951 scri-

214 973 406 1039 ·p'tores
445 979 750 1035 extiterunt,
807 978 869 1026 ab
912 979 1210 1043 eloquentia
1252 977 1538 1043 longiffinie
1561 1001 1574 1020 r

231 1049 442 1100 fuerint.
528 1055 621 1101 Via
657 1063 828 1102 tamen
867 1071 1000 1118 opus
1036 1052 1108 1100 est
1148 1054 1536 1118 incipientibus,

230 1124 319 1174 sed
341 1143 398 1174 ea
424 1129 600 1192 plana,
638 1139 688 1176 et
713 1145 834 1177 cum
857 1129 921 1176 ad
949 1127 1355 1192 ingrediendum
1371 1166 1384 1186 ‚
1422 1139 1536 1177 tum
1557 1179 1562 1183 ,

229 1201 294 1248 ad
328 1202 788 1252 demonstrandum
826 1203 1074 1268 expedita.
1162 1205 1326 1268 Eligat
1359 1206 1548 1268 itaque⁴

227 1279 425 1341 peritus
449 1279 538 1326 ille
560 1289 860 1344 praeceptor
883 1296 944 1327 ex
966 1279 1210 1328 omnibus
1242 1280 1451 1344 optima,
1483 1290 1536 1327 et

226 1344 390 1400 tradat
413 1371 468 1400 ea
499 1353 713 1403 demum
732 1355 790 1403 in
815 1353 1119 1419 praesentia,
1162 1371 1293 1418 quae
1316 1355 1560 1425 1111100111,ἔ

224 1439 435 1476 remota
469 1428 731 1478 refutandi
770 1441 934 1477 cetera
981 1447 1138 1478 mora.
1232 1431 1534 1493 Sequuntur

226 1505 366 1551 enim
401 1503 668 1568 discipuli,
709 1522 815 1568 quo
845 1505 1066 1553 duxeris.
1141 1507 1272 1553 Mox
1300 1522 1416 1570 curn
1449 1521 1532 1552 ro-

188 1578 352 1629 abore
387 1578 619 1628 discendi
650 1579 835 1628 crescet
863 1582 1017 1628 etiam
1050 1580 1290 1629 eruditio.
1367 1578 1530 1626 Iidem

223 1656 395 1718 primo
420 1654 588 1704 solum
608 1658 706 1704 iter
730 1655 938 1703 credant
961 1652 1081 1712 effe,
1119 1657 1176 1702 in
1197 1654 1343 1719 quod
1375 1654 1531 1702 indu-

224 1740 430 1792 centur,
468 1748 591 1780 mox
611 1731 750 1780 illud
777 1732 1039 1795 cognituri
1069 1732 1225 1779 etiam
1254 1731 1526 1794 optimum.

305 1909 447 1945 alenda.
489 1907 615 1944 Guelf.
645 1906 795 1943 colenda
820 1920 908 1943 cum
928 1906 1042 1943 Bodl.
1154 1905 1354 1940 didicerint.
1396 1904 1527 1939 Turic.

221 1964 467 2011 (quanquam
495 1977 563 2012 per
587 1963 884 2012 compendium)
920 1962 1043 1998 Guelf.
1077 1961 1277 1995 didicerunt
1300 1972 1387 1995 cum
1410 1958 1524 1994 Goth.

219 2019 459 2056 Jens.Ta1v.

302 2083 337 2117 5.
376 2077 580 2110 extiterunt.
640 2074 769 2109 Τ11110.
799 2077 846 2118 (a
867 2086 924 2120 pr.
945 2073 1086 2115 manu)
1122 2067 1331 2118 exstiterint.

302 2143 372 2177 quo
397 2130 550 2165 duxeris.
591 2130 721 2164 Turio.
744 2130 839 2176 quod
859 2130 1006 2163 vexeris.
1037 2140 1055 2160 a
1076 2126 1142 2162 sec.
1163 2139 1279 2159 mauu
1298 2138 1368 2172 quo
1388 2124 1524 2158 vexeris

195 2194 257 2226 ¹et
286 2186 332 2218 fic
366 2185 490 2220 Guelf.
525 2186 656 2233 Camp
687 2197 773 2219 cum
804 2183 920 2218 Goth.
950 2182 1052 2219 Voss.
1075 2192 1110 2217 2.
1139 2180 1239 2215 Alm.
1271 2180 1367 2226 (qui
1399 2189 1523 2214 tamen

218 2239 363 2274 recedit
391 2240 432 2273 in
461 2240 614 2287 prime,
652 2239 757 2287 quod
780 2238 994 2274 obscuiiore
1019 2236 1132 2284 ponit
1154 2233 1409 2282 compendio)
1451 2245 1521 2282 quo

217 2296 351 2330 rexeris
381 2293 475 2329 Obr.
503 2294 612 2330 male.

300 2347 468 2397 dffcendi.
528 2349 659 2384 Turio.
693 2351 738 2393 (a
766 2363 824 2397 pr.
854 2349 995 2390 manu)
1024 2344 1167 2380 dicendi
1193 2355 1278 2378 cum
1306 2342 1407 2378 Alm.

191 2437 193 2440 Α
301 2410 336 2448 4.
377 2417 462 2438 mox
493 2404 594 2439 illud.
653 2404 786 2439 Turio.
814 2405 859 2447 (a
881 2403 947 2438 [ec.
970 2403 1111 2446 manu)
1145 2399 1271 2436 Guelf.
1299 2399 1428 2447 Camp.
1459 2397 1516 2438 in·

189 2495 194 2498 ,
214 2458 341 2495 [erunt
364 2457 444 2507 post
471 2471 558 2493 cum
589 2458 704 2494 Goth.

274 2602 441 2629 conatum
489 2613 543 2621 --
587 2592 836 2642 reformidant.
951 2605 1042 2642 quae
1068 2589 1222 2638 placent.
1278 2588 1307 2625 i.
1351 2601 1381 2623 e.
1420 2597 1510 2636 quae

211 2648 264 2683 Cf·
290 2655 325 2691 5,
352 2662 413 2690 10,
440 2662 528 2686 101·
893 2649 1030 2697 piobat
1067 2647 1163 2694 ipse,
1211 2657 1258 2679 ne
1293 2643 1391 2679 forte
1429 2641 1511 2689 qui}

274 2712 309 2745 5.
341 2704 386 2738 ab
405 2705 610 2751 eloquentia
626 2701 835 2753 longtffime
893 2702 1073 2738 auscultet
1092 2700 1216 2737 codici
1229 2698 1406 2736 Gothano
1421 2697 1510 2732 lla‘ec

216 2757 263 2793 cf.
288 2767 324 2798 2,
354 2765 413 2802 15,
438 2767 500 2803 55.
541 2768 576 2803 5,
608 2773 639 2798 1,
665 2765 726 2803 13.
894 2757 1098 2794 emittenti.
