1586 2990
288 146 450 194 INST.
497 146 772 194 ORATOR..
816 145 938 193 Lm.
972 145 1105 204 vm,
1140 154 1187 203 4.
1315 156 1412 202 277

27 265 30 269 ⁴
89 270 203 331 bus,
238 260 342 343 zssa
369 272 691 343 gladiatoria
713 273 866 323 totius
895 274 1124 337 corporis
1136 268 1412 342 firmitate.

89 348 232 418 Quid
251 348 428 400 fauces
451 361 502 398 et
529 351 688 399 latera
711 349 776 398 ad
797 349 1131 399 ebrietatem?
1181 349 1412 397 Minime

85 423 208 484 sunt
230 425 408 477 otiosa.
465 428 608 476 Nam
639 424 967 494 respicientes
994 426 1059 475 ad
1082 426 1208 474 haec
1236 422 1412 492 pollu-

0 521 209 558 715mus
236 502 524 563 aestimare,
562 513 820 569 quantum
847 503 939 553 ille
965 504 1080 553 vini
1108 503 1167 552 in
1185 502 1412 568 Hippiae

85 580 291 645 nuptiis
313 579 632 638 exhauserit,
670 579 973 646 quodferre
1003 590 1054 629 et
1079 594 1410 645 concoquere

85 673 199 706 non
228 654 392 724 poffet
425 658 516 706 illa
549 659 787 723 corporis
815 657 1120 724 gladiatoria
1150 655 1408 706 firmitate.

84 735 251 798 Ergo,
291 733 328 782 fi
354 751 416 783 ex
447 736 550 784 alio
583 735 852 801 colligitur
878 734 1049 793 aliud,
1086 751 1191 783 necx
1212 735 1413 798 impro-

85 811 283 874 prium,
316 827 413 859 nec
434 810 738 860 inusitatum
757 827 954 861 nomen
977 810 1049 860 est
1070 812 1413 873 ratiocinatio-

84 888 184 944 nis,
224 897 285 936 ut
309 887 457 952 quod
479 905 541 936 ex
562 888 745 936 eadem
770 887 916 938 causa
937 890 1075 937 inter
1095 887 1252 937 status
1278 903 1412 951 quo-

84 978 188 1026 que
209 963 480 1014 habemus.
539 966 621 1013 Sic
648 975 698 1012 et
723 983 789 1014 ex
817 961 1188 1036 insequentibus
1222 963 1407 1029 ampli·
1426 981 1474 1018 17

83 1036 255 1089 ficatio
292 1040 535 1089 ducitur:
594 1040 850 1105 siquidem
883 1052 1021 1089 tanta
1052 1043 1132 1091 vis
1158 1039 1263 1090 fuit
1294 1040 1413 1088 vini

82 1112 426 1182 erm‘npentis,
463 1127 524 1166 ut
549 1134 659 1166 non
681 1116 851 1166 casum
874 1114 1080 1166 afferret
1101 1129 1193 1167 aut
1214 1117 1411 1166 volun-

81 1202 262 1250 tatem,
304 1191 388 1241 sed
420 1193 783 1251 nece‘ffitatem,
819 1195 916 1243 ubi
943 1195 1163 1243 minime
1187 1193 1410 1250 deceret,

80 1259 363 1320 vomendi:
420 1281 471 1319 et
507 1271 656 1320 cibus
688 1288 801 1321 non
831 1288 1034 1328 recens,
1080 1282 1144 1321 ut
1175 1269 1409 1320 accidere

81 1346 299 1396 interim
325 1345 483 1404 solet,
521 1347 859 1406 redderetur,
896 1347 987 1397 sed
1023 1349 1120 1413 qui
1155 1346 1410 1412 usquein

82 1419 350 1487 posterum
375 1422 519 1472 diem
546 1423 879 1473 redundaret.
954 1424 1103 1473 Idem
1131 1425 1234 1473 hoc
1262 1438 1411 1489 prae-

83 1495 242 1556 stant,
274 1514 414 1563 quae
437 1498 822 1550 antecesserunt.
877 1501 1036 1559 Nam,
1068 1518 1191 1551 cum
1211 1500 1406 1550 Aeolus
1424 1514 1476 1556 ιε

83 1590 113 1622 a
133 1577 339 1628 Junone
359 1586 594 1641 rogatus,

150 1693 218 1704 —
251 1697 319 1706 —
352 1688 519 1715 cavum
531 1669 734 1738 conversa
761 1669 935 1736 cuspide
961 1685 1142 1718 montem

148 1743 332 1795 Impulit
359 1744 401 1782 ἰη
429 1743 565 1790 lacus,
603 1757 656 1783 ac
683 1745 824 1791 venti,
857 1745 972 1785 velut
1004 1746 1174 1800 agmine
1188 1740 1342 1805 facto,

150 1808 251 1873 pua
284 1809 392 1851 data
424 1819 578 1863 porca,
625 1820 778 1852 ruunt:
811 1835 879 1843 —-
912 1832 981 1842 —

169 1944 402 1981 concoquere.
443 1933 574 1968 Tuiic.
597 1933 636 1979 (a
654 1946 712 1983 pr.
731 1931 870 1982 manu)
897 1947 1083 1982 conquere‚
1113 1935 1216 1971 unde
1236 1934 1411 1970 nostrum

85 1986 294 2023 effecimus.
345 1983 504 2036 Peliqui
526 2003 689 2038 coquere.
737 1989 871 2025 Nullis
901 2001 1077 2025 veterum
1106 1991 1221 2027 certis
1250 1990 1410 2039 quidem

85 2040 184 2077 locis
211 2043 399 2090 probatur
428 2057 579 2091 coquere
610 2044 689 2079 dici
716 2057 789 2092 pro
819 2047 906 2080 cene
908 2046 1089 2094 oquendo.
1136 2045 1278 2082 Saltem
1307 2044 1411 2080 Plin.

86 2097 138 2131 Η.
158 2096 211 2132 N.
232 2107 297 2144 29,
327 2111 360 2132 ι.
383 2096 517 2133 frustm
541 2098 706 2147 appellat
733 2101 760 2134 Γ
763 2100 993 2139 orcelhnus,
1022 2101 1094 2136 ubi
1122 2101 1265 2142 „eibi'
1253 2114 1297 2137 m
1325 2113 1410 2137 cor·

86 2151 279 2201 „poribus
306 2154 439 2202 eoqu1‘“
465 2154 648 2190 dicuntur
671 2169 718 2196 „a
740 2154 903 2191 balineis
925 2155 1191 2194 ardentibus.“

172 2210 336 2256 cor-ponis
361 2209 599 2257 gladiatoria.
658 2211 720 2246 Sic
748 2211 880 2247 Turio.
910 2210 1012 2248 Flor.
1058 2211 1216 2262 Reliqui
1244 2227 1282 2262 g.
1308 2227 1338 2249 c.

172 2263 352 2300 habemus.
409 2265 541 2301 Ambr.
570 2281 602 2301 1.
630 2265 732 2302 Flor.
763 2267 850 2312 (sed
886 2266 952 2302 hic
987 2278 1024 2302 et
1055 2281 1149 2304 mox
1179 2270 1327 2307 omittit
1349 2270 1410 2315 et)

90 2318 286 2355 habeamus
326 2332 413 2356 cum
448 2316 535 2357 Ald.
591 2323 679 2358 Hoc
715 2322 871 2358 volebat
909 2323 1067 2373 Regius.
1124 2326 1252 2364 Verba
1282 2335 1412 2362 autem

92 2373 199 2424 causa
217 2393 272 2402 —-
289 2374 319 2424 fi
339 2377 485 2424 quidem
504 2377 691 2428 omittunt
711 2379 843 2415 Tuiic.
865 2378 1092 2416 Alm.1·'lor.
1114 2395 1133 2416 a
1149 2394 1207 2430 pr.
1225 2395 1355 2417 manu.

179 2441 242 2475 17.
275 2431 430 2474 deceret,
459 2434 642 2470 vomendi.
693 2435 825 2472 Turio.
863 2435 967 2472 Flor.
999 2436 1094 2482 (hic
1122 2451 1142 2472 a
1175 2451 1235 2486 pr.
1265 2437 1412 2482 manu)

92 2487 226 2536 camp.
247 2485 264 2531 (
277 2487 341 2522 hic
363 2489 518 2536 quidem
539 2498 575 2524 ec
602 2502 758 2539 quoque
779 2491 963 2540 sequens)
988 2493 1175 2529 omittunt
1194 2506 1282 2529 cum
1307 2489 1412 2530 Ala}

167 2541 237 2593 [αεὶ
259 2545 332 2591 qui.
372 2544 503 2581 Turio.
522 2545 625 2582 Flor.
649 2547 780 2597 Camp.
806 2548 994 2584 omittunt
1012 2552 1076 2599 qui
1096 2549 1410 2595 cumVoff0105.

153 2643 215 2682 ²8·
256 2635 402 2674 Aeolus.
469 2639 578 2689 Virg.
625 2641 721 2677 Aen.
777 2642 891 2682 Verr.
922 2648 961 2689 5,
994 2648 1059 2689 44.

98 2705 134 2735 x,
165 2699 231 2739 8¹·
291 2693 489 2732 Ciceronis
526 2695 636 2734 locus
674 2697 725 2735 est
