1586 2990
287 210 389 266 204
584 202 659 269 M.
701 203 832 248 ΕΑΒ.
879 201 1283 262 QU1N‘11L1AN1

288 338 395 375 tam
415 324 615 382 tardus,
648 333 710 373 ut
728 326 784 372 in
801 325 1127 395 hyperbaton
1153 325 1269 375 finis
1297 330 1409 387 ejus
1433 322 1582 385 diffe-

286 411 442 450 ratur.
521 399 723 468 Quibus
741 398 910 446 adhuc
943 403 1090 464 pejor
1123 399 1195 450 est
1219 401 1444 451 mixtura
1467 417 1583 450 ver-

285 476 502 533 borum,
539 475 742 539 qualis
728 491 784 522 ιιι
814 475 908 524 illo
931 474 1100 533 versu,

356 598 474 637 Saxa
490 604 648 636 vocant
675 595 794 642 Itali,
819 596 964 637 mediis
978 610 1086 652 quae
1105 598 1148 638 in
1157 594 1384 654 fluetibus,
1406 611 1518 639 aras.
1572 620 1578 631 ι

225 724 275 762 15
289 707 456 754 Etiam
475 707 830 766 interjectione
860 707 995 770 (qua
1015 718 1066 755 et
1085 718 1312 757 oratores
1345 717 1396 754 et
1427 705 1585 757 histo-

284 782 382 830 rici
411 779 712 846 frequenter
749 791 1001 839 utuntur,
1048 791 1108 831 ut
1140 782 1316 831 medio
1351 781 1584 833 sermone

284 857 513 920 aliquem
542 856 766 904 inserant
801 854 1042 921 sensum)
1078 857 1325 922 impediri
1349 854 1477 906 solet
1506 857 1586 909 in?

282 932 547 990 tellectus,
582 932 708 990 nisi,
747 932 890 996 quod
909 933 1288 998 interponitur,
1326 933 1484 986 breve
1501 922 1584 983 effi

281 1116 328 1139 ex
360 1103 436 1138 hoc
467 1104 622 1138 affertur
647 1105 796 1147 trajecti.
854 1102 936 1139 Nec
968 1103 1038 1138 nist
1063 1105 1192 1140 Turio.
1227 1103 1437 1151 bipedaneo,
1469 1118 1489 1139 a
1518 1104 1584 1150 seq'.

248 1204 250 1206 ‚
281 1169 407 1192 autem
437 1171 552 1192 manu
594 1171 679 1192 cum
719 1169 804 1194 cett.
847 1159 1074 1205 hiperbaton.
1132 1162 1188 1194 Ita
1221 1172 1307 1194 cum
1335 1161 1375 1195 N
1409 1159 1518 1195 litera
1550 1170 1586 1196 et

281 1213 449 1252 modurn,
490 1213 550 1247 sed
582 1213 656 1246 hoc
697 1213 738 1247 in
776 1213 863 1248 loco
903 1215 1002 1254 raso,
1045 1213 1143 1249 Flor.
1202 1214 1297 1248 Ante
1325 1216 1414 1250 Bad.
1455 1227 1584 1249 omnes

283 1269 408 1307 tarda,
438 1280 507 1302 nec
528 1267 616 1302 dant
639 1276 733 1307 tam,
763 1268 878 1303 multi
899 1270 1008 1303 etiam
1031 1277 1070 1303 ut
1091 1269 1296 1308 omittunt,
1324 1269 1439 1304 multi
1461 1269 1585 1310 nomi,-

280 1323 454 1372 ψύγμα]
483 1322 623 1357 habent
652 1324 690 1356 in
720 1324 843 1367 transj.
901 1322 1004 1358 Mihi
1035 1324 1189 1371 quidem
1220 1324 1449 1370 persuasum,
1487 1321 1586 1358 mul-

280 1388 365 1413 tum
399 1391 418 1411 a
459 1378 610 1411 sanitate
637 1375 754 1411 dbcffe
796 1379 1017 1426 [cripturam
1053 1387 1254 1426 receptam.
1311 1379 1447 1426 Neque
1477 1372 1586 1416 facile

279 1433 486 1480 quisquam
506 1428 798 1479 interpretetur}
831 1432 924 1480 quid
946 1434 988 1468 fit
1007 1436 1044 1467 in
1074 1432 1301 1481 hyperbaton
1315 1431 1434 1479 finem
1449 1433 1586 1482 sermo-

282 1490 341 1522 nis
367 1486 532 1534 differri,
559 1487 663 1534 quod
683 1487 810 1522 minus
832 1487 1016 1534 patienter
1036 1497 1272 1534 concoquere
1304 1488 1490 1524 debebant
1510 1489 1585 1525 edi-

279 1553 396 1577 tores.
454 1542 705 1590 Hyperbaton
725 1542 905 1577 ran-imme
937 1543 1034 1591 apud
1059 1542 1227 1578 nostrum
1255 1542 1306 1578 est
1330 1543 1372 1578 in
1401 1535 1522 1586 vitio,
1552 1555 1586 1581 ot

280 1598 439 1645 quidem
469 1597 595 1644 aliqua
618 1607 707 1632 nota
730 1600 906 1645 apposita,
937 1598 1045 1634 velut
1078 1611 1120 1638 ι,
1153 1605 1198 1640 5,
1228 1604 1290 1642 4ο.
1341 1610 1386 1645 9,
1417 1609 1463 1642 4,
1498 1598 1586 1644 2442

283 1665 330 1688 ex
351 1665 516 1700 quorum
545 1651 722 1688 locorum
751 1652 868 1688 altero
900 1666 1080 1700 quaerens
1115 1652 1278 1700 aliquam
1311 1653 1495 1695 medelam
1518 1660 1584 1690 nec

278 1709 350 1756 ipsi
369 1707 470 1742 mihi
487 1707 572 1742 satis
591 1707 734 1756 placeo.
765 1732 791 1747 ,‚
804 1708 1091 1753 transiectione,
1122 1707 1186 1743 vel
1205 1708 1303 1743 ultra
1333 1709 1492 1745 modum
1514 1709 1584 1756 hy·

279 1763 500 1810 ‚‚pe1·bato‚
544 1762 569 1796 ἱ.
599 1772 632 1797 e.
668 1763 742 1796 d.‘⁶
796 1763 859 1797 Est
899 1763 1000 1797 enim
1039 1762 1122 1797 illic
1156 1763 1433 1810 „longioribus
1474 1775 1583 1811 quaxn

279 1827 474 1865 „oportet
500 1816 733 1864 hyperbatis.
748 1822 771 1838 “
810 1817 855 1852 cf.
886 1820 920 1864 §.
956 1827 1020 1853 22.
1054 1818 1133 1859 „in
1158 1817 1320 1866 longum
1349 1819 1468 1854 dilata
1498 1831 1583 1855 con-

279 1871 487 1915 ‚‚clufio.“

274 2014 306 2066 s
367 1967 430 2003 ²5·
468 1957 577 2009 solet.
620 1959 749 1995 Turio.
779 1958 879 1995 Flor.
909 1959 1005 1999 Jens.
1037 1972 1123 1995 cum
1149 1959 1231 2005 edd.
1253 1960 1345 2010 post.
1379 1973 1462 1998 ante
1481 1960 1582 1998 Basa

300 2016 408 2051 olent.

339 2152 436 2186 Saxa
473 2158 615 2186 vocant.
671 2148 829 2184 Aeneid.
874 2163 909 2190 1,
967 2150 1072 2197 quod
1110 2150 1137 2184 Γι
1178 2148 1307 2184 voluit
1343 2153 1416 2198 Qu.
1461 2153 1581 2190 minut

286 2218 375 2253 ¹09·
416 2207 572 2240 mixtura
598 2204 785 2239 verborum
816 2218 910 2252 quae
966 2215 1067 2239 recte
1097 2203 1282 2238 verborum
1300 2207 1459 2253 posuiss‘e
1481 2207 1580 2243 vide-

282 2259 524 2307 intelligatur
553 2259 790 2307 aliquantum
823 2259 910 2295 hae·
968 2270 1050 2299 tur,
1090 2269 1133 2294 ut
1162 2269 1199 2294 et
1228 2259 1395 2296 calidius.
1419 2274 1580 2309 pronum·

283 2328 365 2352 reo.
421 2316 518 2349 Sunt
536 2313 648 2354 haec,
679 2315 704 2348 fi
732 2314 825 2362 quid
853 2315 912 2349 vi·
969 2315 1075 2348 ciaffe
1097 2314 1142 2348 de
1164 2312 1250 2348 loco
1268 2315 1498 2363 Virgiliano,
1521 2317 1580 2364 qui

285 2371 357 2406 deo
371 2395 382 2410 ,
421 2369 498 2403 duo
534 2368 764 2415 hyperbata,
804 2369 911 2416 prius
968 2367 1029 2403 sua
1051 2368 1262 2404 defensione
1282 2382 1360 2405 non
1380 2382 1489 2408 caret.

283 2427 328 2461 in
357 2426 456 2459 Saxa
485 2433 522 2458 et
553 2436 656 2462 aras,
686 2422 847 2458 alterum
875 2424 917 2458 iu
1035 2431 1096 2466 15.
1157 2422 1286 2459 Etiam
1331 2427 1578 2470 interjectione.

285 2481 415 2516 mediis
438 2492 528 2527 quae
547 2479 594 2513 in.
638 2478 735 2513 Cum
755 2479 911 2512 mixtura
966 2503 991 2519 ,,
1005 2479 1127 2526 Quam
1182 2479 1246 2514 hic
1307 2481 1578 2525 interjectionem

279 2535 490 2583 figurarum
512 2533 548 2573 6,
570 2542 607 2575 5,
630 2533 692 2575 65.
727 2543 763 2579 9,
788 2541 824 2573 2,
845 2541 910 2575 37.
966 2533 1042 2574 ,‚h.
1064 2547 1095 2567 e.
1115 2533 1369 2581 parenthesin,
1399 2536 1577 2575 describit‚

287 2601 325 2638 9,
346 2598 384 2632 5,
404 2596 465 2632 4ο.
496 2589 539 2622 fit
557 2586 676 2634 figura
697 2585 837 2635 figurae
857 2588 910 2622 su·
965 2601 1082 2628 „eam
1103 2588 1232 2628 simul,
1259 2599 1300 2624 ut
1320 2589 1432 2630 solet,
1463 2603 1576 2626 exem·

283 2644 505 2694 Peraddita,
536 2641 607 2677 tale
639 2643 731 2690 quid
764 2642 805 2676 in
839 2642 909 2688 hy·
965 2641 1068 2691 „plo
1081 2642 1252 2678 declarat.
1285 2643 1376 2681 Vid.
1392 2655 1428 2686 7,
1447 2657 1504 2686 ιο,
1523 2653 1575 2687 ¹7⁴

284 2699 443 2750 perbato
465 2697 530 2733 hic
558 2696 740 2747 d‘efignari
764 2707 908 2747 putem,
964 2697 1098 2740 „Adst
1121 2704 1158 2742 8,
1178 2706 1216 2741 5,
1240 2697 1339 2741 46.“
1369 2699 1565 2743 Gesnerun.
