1586 2990
339 173 504 223 1NsT.
550 171 822 222 ORATOR.
863 174 986 220 Lm.
1022 174 1110 232 lx,
1155 187 1203 224 α.
1341 184 1442 235 429

110 301 317 351 ciebant
340 302 449 351 illis
471 302 652 351 locum
680 302 860 360 etiam,
901 299 998 351 ubi
1024 299 1245 350 inutiles
1271 317 1327 349 ac
1349 317 1442 350 ne·

33 377 270 438 ⁷91fariae
308 377 494 428 effent:
552 390 614 427 ut
654 378 691 428 fi
732 384 905 446 pater„
952 377 1052 444 'qui
1091 375 1346 426 infamem
1382 379 1441 427 in

106 451 329 505 matrem
360 455 535 506 filium
562 454 757 507 secreto
794 454 1081 514 occidiffet,
1118 471 1240 504 reus
1274 456 1440 504 malae

55 520 57 529 Α
107 533 456 592 tractationis,
494 534 810 595 jacularetur
846 534 905 582 in
942 548 1166 582 uxorem
1203 532 1439 598 obliquis

105 607 392 660 sententiis.
470 612 612 660 Nam
635 611 770 676 quid
794 610 1088 676 impurius,
1127 626 1286 675 quam
1316 609 1505 663 reti-80

82 679 275 736 'nuiss'e
305 687 500 737 talem?
571 687 716 758 Quid
753 705 916 755 porro
949 698 1056 735 tam
1098 687 1440 744 contrarium,

106 778 269 827 quam
315 781 467 823 eum,
519 766 616 830 qui
660 763 954 823 accusetur,
1000 764 1124 830 quia
1169 762 1442 813 summum

103 839 251 891 nefas
283 839 569 908 suspicatus
619 841 686 890 de
724 858 892 892 uxore
931 840 1202 899 videatur,
1250 837 1442 890 confir-

104 926 249 968 mare
269 917 329 967 id
346 918 455 986 ipsa
475 917 797 978 defensione,
823 918 971 985 quod
990 917 1314 968 diluendum
1332 915 1439 966 est?

187 1100 254 1140 79·
293 1091 357 1128 ubi
388 1091 547 1128 inutiles.
605 1091 723 1140 Quod
761 1091 907 1140 Regius
948 1090 1016 1127 hic
1046 1092 1210 1128 inseruit
1246 1089 1438 1141 personae,

101 1146 203 1184 abest
229 1147 276 1184 ab
307 1148 513 1189 omnibus,
553 1159 742 1197 quantum
773 1149 915 1189 video,
957 1148 1082 1185 codd.
1141 1150 1268 1184 Unam
1301 1149 1438 1197 Camp-

101 1203 160 1240 ed.
180 1205 336 1253 reperio
355 1217 454 1254 quae
473 1204 698 1253 interponat
720 1204 891 1253 aliquid,
922 1216 959 1240 et
987 1205 1147 1253 quidem
1173 1206 1215 1240 ce·
1242 1206 1268 1242 i.
1291 1219 1324 1241 e.
1354 1219 1438 1241 cau·

89 1258 182 1309 sae,
219 1273 300 1297 non
321 1262 396 1296 fine
424 1260 657 1310 corrigentis
683 1261 882 1297 industria.
922 1261 969 1296 cf.
994 1269 1030 1305 5,
1060 1274 1074 1295 ι
1083 1270 1121 1305 3,
1150 1273 1212 1309 19.

183 1325 225 1351 ut
242 1315 291 1367 fi.
331 1316 579 1353 Turie.Flor.
593 1315 719 1354 Guelf.
734 1319 867 1367 Camp.
888 1325 928 1351 ut
949 1319 978 1351 1'5
998 1330 1087 1352 cum
1106 1317 1328 1355 Alm.Voss'.
1345 1327 1381 1353 2.
1397 1325 1434 1361 5.

99 1382 138 1410 et
168 1372 253 1408 edd.
275 1383 360 1409 ante
387 1372 476 1408 Ald.
533 1373 662 1408 Etiam
687 1373 805 1410 Goth.
829 1377 880 1414 is,
914 1374 1052 1409 omiffo
1080 1382 1121 1408 ut
1151 1372 1255 1420 (err.
1281 1374 1434 1418 Germ).

98 1428 282 1466 Correxit
301 1429 469 1478 Regius,
499 1428 561 1464 sed
588 1429 764 1468 nondum
788 1429 976 1471 decerno,
1007 1441 1141 1465 utrum
1159 1430 1332 1479 praestet.
1371 1429 1436 1464 Est

98 1484 293 1522 scabrities
320 1485 363 1521 in
387 1498 433 1522 eo
454 1483 513 1535 fi.
543 1486 765 1522 succedente
792 1486 1023 1535 imperfecto
1051 1486 1320 1533 conjunctivi3
1363 1498 1436 1521 nec

62 1560 79 1566 -
99 1552 228 1578 tamen
250 1541 429 1592 expletur
448 1542 612 1584 animus,
637 1544 662 1578 fi
685 1550 726 1577 ut
743 1543 933 1592 accipitur
955 1542 1126 1591 pendens
1148 1543 1193 1579 ab
1221 1543 1370 1578 inutiles
1391 1556 1434 1578 ac

97 1596 286 1646 nefariae,
339 1610 521 1647 tanquam
554 1599 796 1648 praecefferit
834 1601 889 1634 ita
924 1598 990 1634 vel
1029 1607 1117 1636 tam.
1179 1599 1434 1635 'Defideratur

97 1654 204 1690 enim
225 1655 268 1690 in
296 1654 366 1690 hac
387 1656 537 1691 ratione
566 1657 726 1705 exempli
744 1658 890 1705 gracia,
920 1655 1004 1704 post
1026 1664 1087 1696 ut,
1122 1656 1228 1704 quod
1259 1655 1434 1704 intelligi

94 1711 202 1761 poss'e
229 1711 301 1746 vix
329 1711 459 1747 credo.

78 1813 83 1818 .
182 1774 248 1812 80.
290 1770 522 1804 contrarium.
571 1767 704 1818 Camp.
733 1768 962 1816 nepharium.
1013 1765 1195 1803 Ridicula
1225 1767 1433 1802 correctio.

97 1823 144 1860 cf.
172 1827 208 1872 §-
237 1833 301 1873 79.
473 1838 575 1865 eum,
615 1827 691 1874 qui.
746 1825 879 1861 Turio.
908 1824 1012 1861 Flor.
1044 1824 1233 1860 omittunt
1254 1825 1316 1872 qui
1341 1836 1431 1858 cum

95 1879 198 1916 Alm.
314 1883 400 1929 quia
423 1879 618 1929 summum.
663 1880 791 1917 Guelf.
822 1884 884 1930 qui
908 1879 1105 1929 summum.
1156 1881 1217 1914 Ex
1239 1879 1317 1915 hoc
1340 1892 1430 1915 cum

94 1935 342 1972 antecedente
373 1936 536 1972 efficiam
564 1950 643 1972 cum
671 1936 854 1985 accusetur
882 1938 945 1986 qai
975 1935 1112 1984 summ.

181 1992 280 2039 quod
307 1991 534 2030 diluendum.
590 1993 723 2030 Turio.
745 1991 849 2029 Flor.
874 2005 985 2042 quam
1007 1991 1044 2028 d.
1082 1990 1156 2027 Ine
1178 2005 1198 2028 a
1218 1993 1288 2030 sec.
1309 2006 1430 2030 manu

96 2059 171 2097 qua
189 2046 226 2082 d.
249 2057 286 2083 et
302 2048 350 2081 fic
369 2046 472 2083 Alm.

93 2182 177 2206 ram
198 2170 484 2218 grammaticam
497 2196 507 2211 ‚
525 2169 602 2206 'hic
614 2179 734 2207 -notat
790 2169 1143 2218 Quintilianearum
1224 2171 1426 2210 declamm.

96 2226 294 2266 Garum-m,
326 2225 445 2261 relato
466 2227 656 2273 adjectivo
678 2227 731 2262 fe·
786 2227 965 2275 priorum
996 2235 1043 2273 18
1065 2239 1102 2264 et
1129 2239 1191 2277 19.

97 2281 241 2316 minini
261 2282 434 2329 generis,
463 2282 510 2318 acl
530 2282 592 2323 id.
624 2283 732 2331 quod
838 2285 1064 2329 jacularetur
1112 2304 1169 2313 --
1218 2284 1424 2334 sententiis.

97 2337 221 2372 menti
234 2338 431 2386 scriptoris
448 2339 729 2380 obversabatur,
787 2342 986 2376 Structura
1017 2339 1184 2377 insolens
1222 2355 1291 2390 per
1324 2341 1424 2378 abla-

90 2392 264 2442 figurae,
295 2406 382 2428 eum
404 2403 534 2430 tamen
542 2394 730 2444 schemata
787 2397 927 2433 tivum.
993 2398 1053 2433 An
1103 2397 1239 2434 debeat
1284 2399 1425 2446 reponi

95 2448 276 2497 posuiss‘et
314 2460 432 2487 antea.
483 2452 530 2488 cf.
554 2463 588 2498 9,
620 2461 656 2495 3,
689 2461 728 2495 5.
780 2453 1010 2498 jacularetur
1062 2466 1135 2501 pro
1181 2455 1422 2499 jacularetur,

94 2503 245 2540 Duker.
286 2505 331 2539 ad
359 2506 447 2544 Liv.
481 2518 544 2550 27,
573 2517 638 2551 27,
666 2516 728 2552 ιδ.
786 2507 1064 2546 eruditiffimus
1098 2509 1264 2559 quisque
1291 2509 1423 2546 haere-

93 2560 188 2596 item
207 2561 302 2596 Lex.
328 2563 436 2596 Gesn.
455 2563 543 2598 rust.
786 2564 855 2604 bit,
885 2578 1105 2614 quanquam
1121 2565 1337 2603 Palatinum
1358 2580 1422 2603 co·

151 2625 192 2651 ut
235 2632 258 2651 ι.
317 2618 363 2652 cf.
393 2629 471 2654 not.
503 2620 587 2655 crit.
786 2620 912 2655 dicem
952 2621 1029 2657 hoc
1069 2623 1253 2670 praestare
1296 2636 1422 2659 narrat

153 2673 327 2722 infamem
355 2676 391 2708 in
423 2684 585 2712 matrem.
623 2677 728 2712 Haec
784 2677 1311 2728 Gebl1a2·dush2&epu11diis
1325 2689 1362 2725 5,
1387 2695 1420 2716 ι.

94 2729 170 2779 ipsa
193 2731 445 2766 commi-effla
475 2741 655 2768 tractatur
683 2733 727 2769 in
784 2733 831 2770 cf.
853 2745 935 2774 not.
961 2735 1047 2773 crit.
1067 2735 1115 2772 ad
1136 2742 1172 2782 8,
1197 2736 1232 2777 6,
1256 2745 1320 2781 75.
