1586 2990
260 221 354 276 268
449 244 464 248 ·*
558 223 647 269 M.
678 224 810 270 FAB.
845 219 1252 275 QUINTILIANI

256 344 381 410 quid
405 346 597 411 loquar.
639 347 799 396 tacuit
826 346 967 394 enirn
994 343 1156 403 illudr,
1194 344 1340 411 quod
1358 346 1556 397 nihilo:

255 422 432 471 minus
465 423 769 487 accipimus,
814 437 924 470 non
953 419 1115 470 deeffe
1143 420 1411 480 homines,
1457 423 1555 486 qui

255 495 322 545 ad
358 498 714 545 crudelitatem
750 513 873 545 eum
902 496 1184 563 impellant.
1261 495 1554 547 Abscidicur

253 589 348 637 per
381 573 696 634 ἀποσιώπησιν·
762 587 921 636 quae,
976 573 1227 635 quoniam
1267 570 1338 619 est
1374 568 1554 636 figura,

187 657 238 703 36
251 646 500 695 reddetur
523 645 618 695 suo
639 648 772 696 loco.
833 645 918 696 Est
940 648 996 694 in
1019 647 1321 711 vulgaribus
1342 662 1585 711 quoquev

249 722 424 770 verbis
477 720 757 786 emphasis:
825 724 885 772 V
879 725 1006 770 irum
1055 718 1157 794 effe
1205 731 1401 786 oportet
1410 738 1431 782 ,⁰
1487 720 1553 779 et,

247 798 419 858 Homo
442 793 520 865 est
541 797 651 858 ille3
685 807 750 854 et,
792 793 1192 866 Vivendum'est.
1252 797 1396 845 Adeo
1418 793 1553 844 fimi-

245 872 312 921 lis
343 870 416 920 est
453 872 548 919 arti
583 873 893 938 plerumque
935 877 1131 921 natura.
1209 873 1340 921 Non
1379 881 1553 919 tamen

244 945 362 997 satis
382 948 710 1011 eloquentiae
730 946 818 1005 est,
844 963 916 1004 ea,
941 941 1005 995 de
1031 947 1223 1011 quibas
1243 947 1391 1004 dicat,
1417 947 1553 994 clare

246 1033 401 1086 atque
428 1021 696 1071 evidenter
721 1021 1016 1071 ostendere:
1057 1021 1146 1070 sed-
1169 1020 1285 1071 sunt
1305 1022 1462 1071 multi
1492 1037 1549 1068 ac

181 1099 378 1147 θῆται-11
404 1096 714 1145 excolendae
747 1098 998 1146 orationis
1037 1097 1196 1146 modj.
1273 1098 1412 1144 Nam
1441 1094 1555 1161 ipsa·

241 1173 333 1220 illa
368 1174 554 1231 ἀφέλεια
589 1170 802 1236 fimplex
831 1181 880 1218 et
901 1167 1187 1219 inaffectata
1206 1171 1361 1219 habet
1384 1187 1548 1234 quen-

224 1246 362 1295 dam
389 1262 600 1310 purum,
642 1247 810 1310 qualis
840 1247 994 1293 etiam
1022 1246 1080 1293 in
1104 1245 1313 1294 feminis
1334 1255 1547 1303 amatur,

240 1331 498 1378 ornatum,
538 1331 590 1368 et
608 1319 731 1369 sunt
751 1319 1005 1384 quaedam
1027 1316 1178 1368 velut
1208 1337 1236 1368 e
1257 1321 1403 1368 tenui
1428 1319 1548 1367 dili-

242 1397 415 1462 gentia
452 1397 584 1443 circa
615 1396 985 1462 proprietatem
1021 1393 1548 1460 significationemque

326 1558 528 1607 impellant.
589 1558 651 1593 Sic
688 1558 818 1594 Turio.
848 1557 950 1593 Flor.
979 1556 1107 1593 Guelf.
1137 1555 1252 1594 Goth.
1289 1557 1387 1604 (tac.
1410 1557 1553 1603 δάκῃ),

243 1626 331 1650 cum
353 1613 453 1656 Alm.
475 1614 591 1653 Vols„
607 1627 640 1648 ι.
665 1622 702 1656 3.
735 1613 843 1651 Obr„
875 1612 1032 1660 Reliqui
1055 1613 1289 1659 impellerent.

327 1669 391 1713 86.
427 1669 640 1704 Vivendum.
691 1668 818 1703 Turio.
851 1668 951 1703 Flor.
992 1669 1121 1715 Camp.
1158 1667 1254 1706 Jens.
1296 1666 1547 1717 (tac-VGel'n.)

239 1725 438 1762 videndum
464 1736 551 1758 cum
570 1722 672 1760 Alm.
696 1733 733 1759 et
753 1723 835 1758 edd.
856 1733 939 1758 ante
959 1722 1105 1770 Gryph.
1136 1735 1215 1756 exc.
1244 1721 1331 1758 Ald.

326 1786 391 1823 87.
427 1779 523 1813 Nam
548 1776 637 1825 ipsa.
692 1779 754 1813 Sie
793 1778 924 1812 Turio.
970 1776 1070 1811 Flor.
1111 1776 1238 1812 Gueff.
1284 1778 1415 1825 Camp.
1457 1789 1547 1813 cum

240 1834 344 1874 Voss'.
363 1846 396 1867 1.
421 1842 458 1868 2.
481 1832 597 1867 Goth.
621 1843 656 1867 et
677 1832 762 1867 edd.
783 1843 866 1866 ante
886 1830 1033 1879 Gryph.
1072 1831 1229 1878 Reliqui
1255 1833 1424 1880 inserunt
1444 1841 1490 1868 et.

326 1889 425 1924 velut
452 1901 482 1922 e.
541 1887 671 1922 Turio.
696 1888 820 1922 veluti.
869 1886 970 1921 Flor.
1000 1886 1114 1921 veluti
1135 1900 1165 1920 e.
1214 1886 1340 1922 Guelf.
1364 1887 1462 1922 velut
1489 1899 1543 1921 ex.

242 1945 375 1991 Camp.
395 1943 505 1978 velut.
542 1942 643 1979 Voff.
667 1951 702 1977 2.
732 1942 837 1987 (nou
856 1940 998 1985 Goth.)
1026 1942 1124 1975 velut
1152 1955 1186 1976 a.
1242 1941 1327 1977 Hoc
1347 1941 1423 1976 fere
1446 1941 1544 1988 opti-

241 2012 349 2035 mum
371 1998 544 2037 videtur,
577 2010 661 2031 nam
684 1997 778 2032 inest
805 1996 1042 2043 aliquantum
1063 1995 1281 2031 insolentiae
1301 1997 1342 2031 in
1362 1996 1427 2030 ista
1448 1997 1546 2030 tenui

243 2054 458 2102 diligentia,
499 2065 519 2086 e
540 2065 613 2099 qua
635 2053 703 2087 sint
730 2051 799 2086 hae
823 2051 1031 2086 munditiae.
1089 2050 1216 2088 Velles
1240 2051 1352 2086 etiam
1382 2050 1545 2099 apettio·

243 2122 325 2145 rem
347 2107 701 2156 expeditioremque
722 2107 790 2142 effe
818 2106 946 2141 locum
967 2119 1034 2153 per
1055 2107 1088 2140 se
1108 2106 1417 2140 venustiffimum.

324 2164 598 2212 proprietatem.
647 2162 776 2198 Turic.
808 2164 1046 2210 propriorem.
1086 2160 1189 2197 Flor.
1211 2162 1410 2208 proprium,
1437 2173 1458 2198 a
1476 2160 1546 2211 lec.

242 2231 360 2255 manu
385 2219 621 2265 proprietate.

302 2345 366 2384 85.
399 2336 470 2386 suo
513 2337 607 2373 loco.
666 2349 702 2384 9,
737 2346 771 2376 2,
805 2342 868 2380 54.
924 2349 1035 2376 „mus
1056 2337 1168 2371 vitam
1190 2326 1258 2384 effe
1271 2333 1546 2372 traducendam,-

244 2395 339 2430 item
363 2405 398 2440 9,
423 2401 460 2435 5,
483 2392 546 2427 60.
923 2391 1035 2439 „plus
1070 2402 1193 2425 tamen
1219 2389 1450 2437 intelligitur
1477 2401 1545 2436 per

303 2450 367 2493 86.
399 2449 517 2483 Homo
548 2443 597 2492 est
633 2447 707 2481 ills.
763 2447 870 2481 Hanc
925 2446 1178 2493 „emphasim,
1240 2443 1382 2479 scilicet
1437 2444 1544 2490 genio

248 2504 388 2540 erroris
428 2501 626 2537 excusandi
666 2501 870 2537 formulam
924 2499 1020 2549 „effe
1043 2500 1300 2547 indulgendum
1320 2500 1412 2534 etin
1443 2498 1545 2532 laeti-

247 2556 430 2605 exemplis
449 2556 607 2590 illustrat
617 2555 869 2591 Ruhnkenius
922 2558 1002 2594 „cia
1016 2556 1249 2591 vivendum.“
1269 2553 1543 2589 Pseudo-*Tur-

247 2615 292 2648 ad
313 2611 432 2647 Rutil.
460 2613 560 2658 Lup.
582 2624 619 2658 p.
645 2617 734 2654 114.
924 2610 1056 2646 nebus.

307 2667 508 2703 Vivendum
530 2663 589 2712 est.
635 2665 758 2706 „Cum
780 2666 872 2700 dici·
982 2672 1045 2710 87.
1075 2660 1291 2708 ἀφέλεια.
1339 2662 1387 2698 cf.
1419 2674 1481 2701 ιι,
1510 2673 1544 2703 ι,

246 2735 359 2764 „mus
390 2721 580 2757 vivendum
614 2719 662 2768 est
696 2721 871 2770 fignifiea-
927 2729 990 2768 93.
