1586 2990
227 267 320 313 116
529 270 603 314 M.
637 269 768 315 ΕΑΒ.
813 268 1219 329 QUINTILIANI

224 393 454 450 mancini,
493 392 630 457 cujus
657 403 788 440 metu
819 391 959 459 leges
981 391 1256 456 populares
1285 394 1378 441 culi
1423 411 1449 442 e
1477 395 1525 440 in

208 466 514 517 Tribunatu
547 469 777 523 videtur,
817 462 1011 539 mzſj‘zmz
1025 463 1093 537 se
1128 465 1191 515 ab
1226 471 1526 534 imperatore

163 556 211 594 14
211 539 315 614 suo
353 544 549 590 dicerfflec
591 542 839 589 Interim
874 542 1139 590 derivatur
1175 543 1232 590 in
1267 559 1403 591 rem:
1455 553 1528 599 ut,

208 615 266 690 fi
294 621 359 676 is,
409 620 496 680 qui
532 612 827 684 testamento
857 618 980 681 quid
1002 613 1170 691 jzffcs
1202 635 1298 667 non
1319 615 1530 687 fecerit,

223 695 380 749 dicat,
423 708 521 756 per
556 692 697 760 leges
730 694 783 739 id
801 691 931 762 fieri
974 711 1069 741 non
1107 689 1338 767 pontifi}
1417 697 1530 741 Hoc

223 771 486 834 μετάστασιν
522 759 717 816 dicunt.
795 767 1021 817 Exclusis
1053 785 1265 832 quoque
1296 769 1404 825 his,
1443 785 1530 816 eoc-

224 839 414 914 cusatio
448 842 685 908 superest.
747 846 818 892 Ea
841 835 912 891 est
943 853 1031 891 aut
1062 844 1408 908 ignorantiae3
1454 853 1530 900 ut,

308 964 441 998 diceret
460 982 515 990 —
534 963 644 998 deriv.
696 964 826 998 Turio.
860 962 984 998 Guelf.
1017 964 1146 1011 Camp.
1179 963 1363 999 omittunt
1385 963 1534 997 Interim.

223 1031 311 1054 cum
333 1018 448 1054 Goth.
479 1018 580 1055 Voff.
605 1029 640 1054 2.
694 1019 802 1053 Latet
828 1018 928 1053 illud
956 1018 1187 1053 vocabulum
1208 1018 1250 1052 in
1277 1019 1357 1068 ipso
1380 1016 1450 1052 illo
1479 1018 1533 1051 di-

227 1082 338 1114 ceret,
371 1073 476 1120 quod
497 1072 562 1107 hic
585 1073 674 1107 stare
697 1074 844 1120 nequit.
900 1073 1010 1108 Unde
1033 1073 1133 1107 enim
1156 1074 1421 1120 imperfectum
1451 1072 1534 1106 sub·

225 1126 412 1174 junctivi‚
456 1127 525 1162 nifi
563 1128 685 1163 invita
726 1127 945 1163 latinitate?
1001 1129 1046 1164 cf.
1078 1128 1194 1162 modo
1225 1128 1454 1168 „Mancinus
1481 1145 1537 1154 --

227 1181 479 1229 „clefendat,“
518 1195 611 1218 mox
642 1185 697 1224 „fi
725 1184 758 1218 is
780 1185 992 1219 -dicae.“
1046 1185 1202 1232 Repone
1239 1183 1363 1231 igitur
1397 1192 1434 1217 et
1470 1181 1537 1216 hic

228 1237 338 1273 dicat.
388 1239 536 1273 Interim
564 1239 639 1272 der.

317 1299 379 1336 14.
429 1292 738 1337 μετάστασιν.

805 1294 935 1340 Camp.
984 1294 1096 1328 Tarv.
1136 1307 1165 1338 μ,
1177 1291 1257 1328 arv}
1269 1298 1294 1329 9
1305 1307 1320 1328 a
1332 1306 1354 1328 σ
1367 1308 1378 1327 ι
1391 1307 1407 1328 ν
1449 1303 1539 1327 cum

227 1347 343 1383 Goth.
373 1347 458 1384 Ald,
489 1347 589 1386 Vall.
629 1350 698 1396 qui
732 1358 854 1383 tamen
879 1359 915 1382 et
943 1349 1112 1384 nostrum
1137 1349 1209 1384 dat.

314 1400 479 1453 Exclusis
500 1417 639 1452 quoque
667 1405 734 1441 his.
786 1403 915 1439 Turio.
940 1417 1080 1452 quoque
1101 1405 1188 1439 excl.
1212 1404 1348 1440 omisso
1376 1404 1451 1443 his,
1477 1401 1540 1438 sed.

229 1493 323 1528 adde
339 1531 341 1538 ¹
358 1493 544 1542 Vulpium
577 1496 623 1530 ad
646 1496 792 1532 Tibull.
819 1503 861 1541 4,

232 1549 266 1591 6,
291 1555 326 1591 5.
356 1549 427 1584 ubi
454 1550 558 1585 idem
578 1552 753 1592 verbum,
784 1565 855 1600 pro

232 1615 310 1650 quo
339 1604 509 1652 delegare
547 1606 647 1654 apud
680 1608 857 1643 Hirtium

229 1658 273 1692 B.
297 1660 341 1694 G.
377 1666 412 1703 8,
446 1670 510 1696 22.
538 1660 626 1696 loco
659 1663 780 1711 posito
811 1663 857 1700 ab

232 1715 377 1749 eodem.

287 1770 387 1813 cujus
407 1779 503 1804 metu
523 1790 578 1797 —-
597 1773 750 1808 videtur.
782 1773 860 1819 Qui

231 1822 348 1858 solam
367 1825 639 1872 proprietatem
659 1837 695 1862 et
720 1840 859 1863 conve-

231 1879 417 1913 nientiam
473 1881 658 1916 orationis
709 1883 858 1930 spectet,

232 1933 343 1968 malit
364 1935 445 1969 sane
468 1935 586 1970 abeffe
610 1935 702 1971 haec
728 1937 858 1977 verba,

234 2000 330 2035 quae
350 1989 395 2023 ad
423 2003 503 2024 rem
528 1992 683 2038 quidem
707 2005 786 2027 non
807 1992 860 2027 fa-

235 2042 353 2078 ciunt.
409 2045 545 2092 Neque
579 2047 682 2081 enim
712 2047 777 2082 vel
815 2047 862 2081 ad

237 2099 486 2134 excusandum
516 2100 581 2135 vel
614 2102 661 2136 ad
687 2115 860 2150 plemen-

237 2148 329 2184 dum
398 2151 562 2188 foederis
631 2157 759 2190 Numa
742 2157 864 2192 antini

235 2217 344 2239 reum
368 2206 491 2245 valet,
523 2208 627 2254 quod
654 2209 743 2244 inde
775 2223 818 2244 01
823 2221 861 2244 to

239 2259 483 2307 optimatium
531 2263 621 2298 odio
670 2260 861 2299 Gracchus

239 2314 453 2363 compulsus
501 2317 550 2351 est
587 2318 634 2352 ad
666 2319 863 2361 ,ferendam

239 2367 362 2416 legem
391 2363 585 2417 agrariem.
643 2374 692 2407 Et
728 2373 862 2419 hujus-

237 2424 348 2458 modi
386 2426 694 2472 conjunctionem
732 2427 863 2475 legum

238 2478 483 2526 popularium
522 2494 610 2517 cum
648 2483 750 2518 causa
768 2483 863 2530 *ipsa

240 2532 406 2569 foederis
432 2531 456 2568 ‘fi
480 2536 685 2583 significare
709 2537 864 2573 volebat

242 2588 335 2633 Qu„
363 2590 529 2624 videatur
548 2591 752 2642 scripturus
773 2602 862 2632 erat,

240 2653 319 2676 :non
358 2644 510 2681 videtur.
579 2647 730 2682 Deinde
769 2645 864 2694 quid

243 2696 292 2731 est
329 2699 432 2744 quod
472 2701 653 2740 „videtur
699 2701 864 2749 foederis

240 2751 493 2792 „Numantini
519 2762 639 2791 meru“
667 2757 790 2792 tulisse
810 2756 862 2791 le-

914 1495 1012 1544 ges‘.>
1042 1499 1087 1531 In
1110 1496 1180 1531 hac
1209 1507 1308 1532 tanta
1338 1494 1540 1544 reprehen-

915 1551 1031 1586 dendi
1043 1553 1210 1592 materia,
1234 1563 1358 1587 tamen
1378 1563 1455 1586 non
1476 1563 1539 1584 au-

915 1607 987 1641 deo
1008 1607 1242 1655 proscribere
1264 1607 1394 1641 nixam
1417 1604 1539 1645 omni-

914 1675 981 1696 um
1003 1661 1195 1697 librorum
1220 1661 1442 1698 auctoritate
1463 1660 1540 1694 sen·

917 1717 1085 1752 tentiam.
1142 1717 1205 1751 Est
1251 1730 1292 1751 ea
1335 1716 1411 1763 ipsa
1442 1713 1542 1762 apud

914 1770 1050 1818 Vellej.
1080 1781 1116 1811 2,
1147 1783 1182 1807 2.
1224 1782 1261 1807 et
1288 1770 1391 1807 Flor.
1413 1779 1449 1814 5,
1479 1774 1540 1812 14.

914 1826 1043 1862 verbis
1074 1826 1231 1873 quidem
1259 1826 1353 1862 adeo
1383 1823 1541 1860 dissimi-

906 1881 1030 1921 libus,
1064 1891 1108 1916 ut
1143 1895 1258 1917 nemo
1279 1880 1368 1915 inde
1397 1880 1541 1915 desum-

917 1946 992 1970 tam
1015 1937 1060 1972 ab
1084 1935 1359 1985 interpolatore
1387 1935 1541 1983 suspice-

914 2001 988 2026 tur.
1047 1992 1088 2026 Si
1109 1992 1230 2039 igitur
1251 2002 1329 2026 tam
1361 1990 1545 2026 vetustam

918 2046 1073 2093 glossam
1105 2047 1303 2094 agnoscere
1325 2045 1438 2084 nolis,
1466 2044 1544 2079 for-

919 2101 1004 2136 tasse
1017 2114 1166 2136 mecum
1186 2101 1367 2147 conjicies
1388 2097 1545 2134 oriminis

917 2156 1147 2190 intercidiffe
1166 2156 1247 2201 post
1259 2157 1369 2197 cujus.
1395 2150 1542 2186 Eodem

919 2207 1094 2255 exemplo
1109 2209 1194 2242 usus
1216 2207 1265 2242 est
1283 2207 1324 2241 in
1344 2207 1543 2241 remotione

919 2263 1075 2296 criminis
1122 2262 1330 2296 Martianus
1377 2259 1540 2308 Capella,

919 2317 1056 2351 citante
1087 2317 1133 2351 ad
1163 2316 1320 2351 I’lorum
1344 2314 1541 2351 erinshe-

918 2371 1013 2405 mio.

973 2426 1116 2463 dicaret.
1164 2426 1254 2462 vide
1275 2435 1354 2461 not.
1377 2424 1459 2460 crit.

981 2489 1041 2526 14.
1074 2478 1383 2526 μετάστασιν.
1429 2476 1541 2526 Apud

918 2537 1200 2584 IIe1mogenem
1226 2533 1354 2585 p.14.

973 2590 1138 2640 Exclusis
1167 2603 1304 2639 quoque
1329 2589 1395 2624 his.
1450 2587 1542 2624 vide

918 2657 999 2681 not.
1030 2647 1112 2681 enit.

975 2700 1166 2749 excusatio.
1204 2702 1306 2749 Haec
1319 2699 1539 2736 estHermo-

919 2757 1026 2805 genis
1058 2752 1311 2805 συγγνώμηῬ.
1342 2762 1402 2798 ι5.
1434 2754 1539 2799 cujus
