1586 2990
323 148 488 214 msr.
532 164 811 233 onnon.
854 164 976 212 Lm.
1009 163 1104 220 ix,
1133 176 1180 211 2.
1324 170 1423 223 451

93 291 258 356 modo
293 303 487 359 agatur.
541 291 845 342 Dicendum
868 307 992 358 ergo
1016 289 1083 340 de
1099 291 1168 340 iis
1192 305 1427 355 quoque,

70 407 74 417 s
93 369 154 422 in
172 370 370 436 quibus
394 388 507 419 non
529 369 728 436 asperas
749 367 960 435 figuras,
997 366 1088 417 sed
1106 367 1276 434 palam
1298 384 1427 416 con·

55 489 63 491 i
93 449 278 496 trarias
306 445 487 496 causae
512 448 757 514 plerique
790 446 1043 496 fecerunt.
1101 445 1429 511 „Tyrannidis
1503 509 1510 516 .

93 519 381 596 affectatae
419 524 691 573 damnatus
728 533 1057 589 torqueatur,
1105 532 1162 571 ut
1206 517 1428 594 conscios

94 603 306 651 indicet.-
344 617 467 650 accu
456 597 615 672 sator
637 600 745 666 ejus
769 611 925 666 optet,
954 600 1094 666 quod
1115 599 1270 650 volet.
1319 600 1429 647 Pa-

93 687 223 726 trem
260 681 351 743 qui
379 678 649 728 damnavit
688 688 858 743 optat,
914 695 976 725 ne
1016 679 1057 725 is
1094 686 1428 742 torqueatur:

28 800 29 803 ,
89 765 247 820 pater
282 758 329 802 ei
361 757 672 804 contradicit.
750 756 928 804 Nemo
959 752 1010 802 se
1050 755 1224 802 tenuit
1267 769 1423 819 agens
1440 772 1492 811 ει

92 849 194 899 pro
214 842 378 899 patre,
412 833 547 898 quin
575 830 769 898 figuras
791 834 850 881 in
873 829 1048 881 filium
1067 829 1277 889 faceret,
1314 840 1427 878 tan-

95 926 256 975 quam
282 909 440 958 illum
474 907 744 958 conscium
780 910 838 957 in
868 908 1148 959 tormentis
1183 908 1429 957 nomina-

94 995 268 1035 turus.
342 989 460 1054 Quo
504 985 639 1050 quid.
678 984 924 1035 stultius?
979 987 1122 1034 Nam
1163 1002 1285 1033 cum
1322 984 1428 1034 hoc

92 1061 299 1124 judices
337 1062 725 1120 intellexerint,
788 1072 886 1111 aut*
915 1079 1029 1110 non
1075 1061 1427 1127 torquebitur,

94 1155 216 1202 cum
246 1137 370 1187 ideo
399 1139 641 1204 torqueri
667 1138 825 1188 velit:
886 1148 976 1188 aut
1008 1148 1148 1187 torto
1176 1155 1288 1189 non
1318 1154 1428 1203 cre-

93 1214 262 1264 detur.
319 1220 387 1263 At
407 1215 660 1264 credibile
683 1213 772 1274 est,
812 1216 917 1265 hoc
942 1232 1068 1263 eum
1091 1207 1243 1265 velle.
1299 1218 1426 1264 For·
1441 1233 1492 1272 83

5 1312 83 1353 ⁷92
94 1289 228 1342 taffe.
278 1290 569 1342 dissimulet
594 1308 747 1358 ergo,
784 1302 847 1342 ut
874 1290 1071 1341 efficiat.
1155 1293 1261 1341 Sed
1289 1289 1430 1342 nobis

178 1465 336 1516 asperas.
389 1467 521 1503 Turic-
545 1465 649 1502 Flor.
671 1464 816 1515 speras.
871 1467 907 1503 A
929 1466 1082 1503 Stoerio
1105 1465 1196 1503 inde
1218 1476 1302 1501 ante
1325 1465 1430 1504 Gibr.

94 1521 279 1572 aspersas,
318 1536 388 1572 per
415 1521 606 1572 sphalma,
646 1531 758 1572 puto.
960 1523 1190 1572 Tyrannidis
1213 1543 1265 1550 —
1288 1531 1430 1558 contra-

95 1581 195 1615 dicit.
238 1582 296 1615 ‘In
328 1579 445 1626 liujus
479 1579 658 1614 thematis
687 1577 820 1615 verbis
849 1579 971 1616 multa
1001 1580 1189 1615 omittunt
1211 1590 1248 1615 et
1274 1578 1432 1616 tsirbant

94 1635 228 1672 Turic.
258 1635 361 1672 Flor.
393 1634 493 1672 Alm.
552 1635 624 1671 Sed
647 1634 762 1670 altera
791 1649 928 1672 manus
958 1636 1001 1671 in
1029 1635 1132 1672 Flor.
1162 1636 1320 1686 reponit
1350 1635 1432 1673 fere

93 1691 232 1730 nostra.
288 1692 352 1727 Est
372 1702 408 1727 et
426 1691 486 1727 ibi
507 1700 653 1739 oportet
676 1705 749 1741 pro
773 1702 888 1741 optet.
1016 1694 1080 1741 qui
1110 1693 1314 1728 damnavit.
1364 1692 1429 1729 Sic

95 1747 192 1784 Obr.
246 1749 396 1797 quidam
417 1748 579 1796 dampna
609 1757 690 1783 uter
710 1749 843 1784 Turic.
890 1748 1042 1799 quidam
1073 1749 1293 1797 dampnavit
1322 1747 1426 1785 Flor-

94 1806 220 1853 (apr.
243 1804 390 1850 manu)
430 1817 518 1839 cum
558 1804 685 1841 Guelf.
716 1805 812 1850 (nili
853 1805 957 1854 quod
998 1805 1146 1853 quidem
1194 1817 1232 1840 et
1267 1806 1342 1840 fine
1371 1805 1426 1852 p)

94 1861 228 1897 Ioann.
249 1861 354 1898 Voss'.
381 1875 413 1895 1.
437 1869 474 1904 5.
494 1860 591 1906 (nist
613 1862 720 1908 quod
742 1862 817 1897 fine
838 1863 903 1909 p).
957 1861 1119 1910 Reliqui
1142 1863 1203 1910 qui
1232 1860 1429 1910 accusavit·

183 1924 250 1961 32.
274 1915 428 1964 jaceret,
458 1926 642 1964 tanquam.
680 1917 819 1953 Turio.
841 1917 946 1952 Flor.
970 1918 1103 1965 Camp.
1126 1917 1300 1952 inserunt
1320 1926 1368 1953 et.

149 1975 158 1983 ‘
181 1970 361 2020 conscium
382 1972 419 2006 ἰη
442 1980 546 2006 torm.
568 1974 703 2007 nomin.
763 1973 825 2007 Sic
848 1973 981 2008 Turic.
1000 1971 1105 2007 Flor.
1134 1971 1262 2008 Guelf.
1292 1973 1427 2023 Camp-

98 2026 218 2064 Goth.
240 2027 338 2066 Jens.
369 2029 466 2070 (tac.
495 2027 633 2071 Gesn.)
660 2040 748 2062 cum
776 2027 879 2065 Voff.
903 2038 939 2064 2.
962 2036 999 2071 3.
1029 2038 1066 2064 et
1087 2027 1173 2063 edd.
1196 2030 1282 2064 aute
1303 2031 1428 2067 Stoer.

97 2082 260 2130 Reliqui
278 2082 361 2131 post
381 2080 495 2129 conse.
517 2082 688 2118 inserunt
706 2091 833 2132 pater,
864 2094 901 2119 et
921 2081 1007 2132 effet
1033 2083 1117 2132 post
1138 2093 1244 2121 torm.
1276 2085 1429 2134 Gryph.

99 2138 258 2187 quidem
286 2150 366 2173 non
403 2137 474 2172 nisi
513 2136 611 2186 effet.
892 2140 975 2190 Quo
1003 2140 1104 2189 qaid.
1161 2140 1294 2176 Turio.
1323 2142 1428 2178 Flor-

99 2194 192 2239 (hic
213 2208 232 2229 a
263 2206 321 2243 pr.
345 2196 489 2236 manu)
519 2194 705 2231 omittunt
733 2209 818 2245 quo.

186 2257 251 2295 83.
285 2250 336 2284 A:
354 2248 537 2285 credibile.
581 2251 713 2287 Turic.
734 2250 837 2288 Flor.
859 2250 994 2288 Ambr.
1018 2264 1052 2288 ι.
1075 2248 1207 2303 Camp.
1230 2261 1268 2289 et
1288 2267 1318 2289 c.

184 2304 359 2354 Fartaffe.
419 2306 551 2342 Turic.
575 2305 695 2353 foras.

156 2447 225 2487 8¹·
264 2442 310 2477 de
338 2443 383 2477 iis
411 2455 562 2491 quoque.
619 2445 736 2480 Recte
849 2451 916 2493 82.
947 2458 1063 2494 agens
1079 2460 1148 2496 pro
1166 2455 1276 2496 patre
1293 2460 1430 2485 -uo·

101 2496 168 2532 hic
197 2498 382 2534 Gesnerus
408 2499 610 2535 subaudire
626 2501 735 2535 vide·
791 2503 1006 2538 minaturus.
1061 2503 1298 2554 Plerumque
1324 2506 1428 2541 enim

103 2563 167 2588 tur
192 2553 327 2604 cuufis,
367 2554 432 2590 vel
461 2556 736 2592 declamationi·
791 2557 987 2594 inlcholis
1009 2570 1162 2608 agentes
1184 2573 1320 2597 eorum
1342 2575 1433 2610 per·n

102 2609 178 2646 bus.
791 2613 899 2649 sonas
918 2615 1085 2657 sumunt,
1106 2629 1179 2664 pro
1203 2617 1347 2665 quibus
1370 2617 1429 2654 di-

157 2663 303 2715 asperas
317 2665 478 2715 figuras.
509 2676 554 2703 ut
573 2664 737 2718 asperam
793 2680 907 2711 cunt,
937 2681 982 2707 ut
1010 2681 1049 2708 et
1080 2671 1147 2707 hic
1174 2673 1332 2711 factum.
1381 2673 1429 2710 cf.

103 2723 283 2759 actionem
315 2733 351 2767 7,
385 2730 420 2766 4,
450 2732 515 2773 27.
793 2733 831 2769 3,
854 2731 892 2771 8,
918 2733 983 2772 5¹·
1021 2733 1058 2772 4,
1084 2742 1121 2770 ι.
1143 2734 1210 2775 47.
