1586 2990
292 195 456 242 INST.
488 181 772 242 ORATOR.
805 182 1068 245 LIB.'V11‚'
1101 204 1147 250 9.
1295 200 1391 249 ³59

55 310 249 380 'velssfia²
288 322 462 377 Heres
488 338 628 369 meus
659 321 811 370 uxori
842 335 984 367 meae
1019 318 1147 366 dare
1179 317 1393 366 damnas

55 396 186 469 esto
205 402 445 468 argenti,
498 398 639 463 quod
674 397 920 466 elegerit,
963 396 1136 461 pondo
1179 406 1391 443 centum.

54 475 188 526 Uter
213 476 396 541 eligat,
441 475 724 541 quaeritur.
802 476 1003 522 Verum
1025 473 1107 530 id,
1148 471 1297 537 quod
1329 488 1393 520 ex

53 551 143 603 his
178 554 416 619 primum
447 551 542 609 est,
574 554 852 605 mutatione
886 545 1119 622 casuum,
1165 540 1393 613 sequens

28 622 307 701 ‘divt'fione
346 625 623 678 »verborum
659 639 750 677 aut
776 628 1109 678 translatione
1147 625 1393 675 emenda-

55 716 172 764 tur,
210 706 424 755 tertium
455 705 749 769 adjectione.
831 703 1125 754 Accusativi
1154 704 1387 768 gemina-
1407 727 1457 750 ιο

55 783 203 832 tione
233 781 366 831 facta
400 783 725 848 amphibolia
754 780 981 831 solvitur
1017 780 1278 829 ablativo:
1331 790 1394 828 ut

57 858 226 918 illud,
273 857 551 908 Lachetem
578 860 763 909 audivi
786 850 1087 931 perczffffe
1116 857 1392 915 Demeam,

35 931 176 994 Ἠλῖ,
223 953 261 984 a
305 934 533 984 Lachete
578 931 875 1008 percuffum
926 935 1198 983 Demeam.
1290 933 1393 983 Sed

57 1012 290 1062 ablativo
310 1011 438 1078 ipfi,
478 1022 538 1061 ut
559 1013 618 1060 in
638 1013 814 1078 primo
836 1011 1071 1060 diximus
1088 1048 1102 1069 ‚
1140 1009 1274 1059 inest
1300 1028 1394 1062 na-

56 1089 242 1158 turalis
283 1086 620 1155 amphibolia.
703 1088 856 1138 Coelo
905 1089 1132 1136 decurrit
1178 1097 1359 1152 aperto
1375 1105 1393 1135 .-

32 1176 240 1218 ·utrum
259 1182 356 1232 per
380 1162 622 1231 apertum
648 1165 883 1229 coelum,
915 1182 981 1214 an
1003 1182 1126 1214 cum
1150 1173 1394 1231 apertum

53 1240 189 1292 effet.
265 1239 478 1314 Divisio
514 1239 856 1310 respiratione
899 1252 951 1290 et
982 1259 1132 1292 mora
1162 1240 1386 1291 constat:
1407 1253 1463 1293 ιι·

46 1315 309 1389 statuam,
358 1317 576 1378 deinde,
630 1337 846 1368 auream
885 1315 1116 1388 hastam:
1163 1320 1250 1369 vel
1272 1315 1392 1388 sta-

55 1401 201 1459 tuam
247 1404 460 1445 auream
481 1433 495 1454 ,
555 1395 749 1444 deinde
772 1434 786 1454 ‚
834 1392 1052 1465 hastam.
1147 1395 1391 1460 Adjectio

19 1495 24 1509 =
56 1474 174 1522 talis
213 1471 313 1530 est,
356 1483 660 1541 argentum,
711 1474 851 1538 quod
883 1473 1102 1541 elegerit
1145 1468 1280 1544 ipse,
1330 1482 1393 1522 ut

56 1548 211 1599 heres
283 1549 646 1615 intelligatur:
726 1550 815 1597 vel
886 1546 1002 1619 ipsa
1022 1586 1036 1608 ‚
1103 1559 1166 1598 ut
1237 1565 1388 1600 uxor.

56 1625 362 1692 Adjeccione
425 1624 558 1675 facta
625 1619 951 1693 a‘mphibolia
973 1664 987 1685 ‚
1070 1627 1242 1692 qualis
1302 1625 1391 1684 fit,

137 1830 300 1868 damnas.
365 1830 496 1867 'rm-ic.
538 1829 665 1866 Guelf.
704 1830 921 1880 dampnans.
960 1830 1021 1866 sed
1060 1843 1155 1867 mox
1194 1828 1260 1878 (ς.
1295 1829 1389 1878 12.)

53 1899 75 1922 a
102 1899 161 1936 pr.
191 1901 311 1923 manu
335 1886 403 1923 ille
423 1887 608 1925 nostrum.
641 1888 773 1937 Camp.
805 1887 1022 1930 damnatus,
1052 1898 1096 1924 ut
1126 1898 1163 1923 et
1181 1900 1287 1928 most,
1318 1886 1389 1924 vix

51 1943 129 1980 fine
161 1943 323 1992 argutiis
353 1943 517 1980 librarii.

141 2046 204 2069 ιι.
237 2032 390 2137 Diri-isio.
418 2034 550 2072 Turic.
573 2034 660 2071 divo
681 2033 884 2070 cumAlm.
886 2035 962 2071 sed
983 2033 1162 2071 etGuelf.
1192 2033 1267 2081 (cf.
1288 2038 1324 2082 §-
1349 2042 1385 2080 5

52 2098 103 2133 ¹7
135 2098 265 2134 10,3

805 2250 842 2283 in
866 2249 988 2297 primo
1008 2247 1176 2283 diximus.
1210 2260 1226 2281 1
1242 2273 1253 2288 ,
1278 2257 1322 2291 7,
1346 2255 1384 2290 3.

111 2258 148 2295 9.
173 2247 289 2283 Heres
306 2259 416 2284 meus.
454 2246 691 2298 Exemplum

746 2299 915 2340 Eandem
930 2317 1037 2345 vero,
1062 2317 1176 2352 quam
1188 2303 1266 2344 hic,
1285 2303 1386 2339 abla-

53 2301 159 2341 idem
179 2302 281 2352 apud
293 2303 373 2344 Cic.
396 2304 442 2340 de
455 2306 542 2342 Inv.
565 2316 602 2344 2,
622 2310 689 2352 40.

52 2355 102 2392 ad
122 2358 289 2396 Heren‘n.
317 2374 334 2396 1
350 2385 363 2401 ‚
391 2370 454 2397 12.

109 2414 358 2452 translatione.
389 2418 464 2454 Pro
478 2416 555 2452 hoc
573 2425 688 2452 trans-

52 2471 294 2506 mutationem
304 2471 405 2508 dixit
433 2488 468 2515 1,
485 2480 521 2517 5,
540 2483 602 2509 12.
625 2482 685 2517 15.

114 2538 177 2563 ιο.
201 2527 400 2564 Lachetem
420 2531 557 2566 audivi.
588 2530 634 2565 cf.
649 2535 686 2573 3,

50 2589 89 2623 2,
105 2581 168 2618 16.
190 2583 318 2618 Etiam
328 2584 604 2634 interpretibus
619 2585 688 2620 hu-

47 2637 223 2684 jusmodi
249 2640 451 2677 accusativi
467 2642 620 2690 negotia
633 2642 688 2676 so-

47 2691 131 2729 lent
151 2693 338 2736 facessere,
358 2696 483 2732 veluti
502 2698 602 2746 apud
611 2699 690 2732 De

47 2748 234 2787 mosthen.
246 2751 288 2787 in
304 2752 401 2788 Mid.
415 2765 454 2806 p.
467 2753 581 2790 Rskii
598 2761 689 2798 537

747 2361 823 2396 tivi
874 2359 1140 2396 difficultatem
1190 2360 1250 2396 ibi
1305 2372 1388 2396 non

746 2418 879 2465 tangit.

768 2514 772 2518 .
804 2474 917 2509 Coelo
941 2474 1099 2508 decurrit
1120 2481 1261 2521 aperto.
1292 2472 1387 2507 Non

746 2530 882 2566 dubito
922 2530 1018 2577 quin
1061 2541 1198 2579 parum
1235 2540 1386 2563 memor

748 2587 822 2633 Qu.
857 2584 1033 2621 voluerit
1073 2585 1160 2620 dare
1198 2582 1386 2631 Virgilia-

746 2655 841 2677 num
875 2640 988 2689 pelag
992 2655 1013 2676 0
1058 2641 1216 2676 decurrit
1254 2654 1324 2687 ape
1306 2649 1384 2675 erto

745 2699 839 2734 Aen.
865 2703 910 2740 5,
943 2708 1036 2733 212.
1051 2710 1211 2745 quem
1233 2698 1386 2732 welfum

748 2754 915 2801 defignat
937 2755 1098 2804 Cappen
1127 2753 1174 2788 cf.
1196 2764 1232 2801 9,
1257 2759 1295 2800 4,
1319 2758 1383 2796 85.
