1586 2990
325 168 489 215 1NsT.
535 168 812 214 ORATOR.
857 152 980 212 141ss.
1023 167 1166 225 vm,
1201 181 1248 215 ε.
1356 179 1453 229 ²9⁷

122 294 318 348 etiamsi
358 293 536 345 causae
584 292 840 348 neceffitas
888 291 1146 359 postulet,
1205 293 1450 344 reformi-

121 375 275 426 dent:
315 382 379 433 ut
397 373 517 430 ille,
558 372 653 436 qui
680 372 740 420 in
768 370 970 420 actione
991 368 1220 420 Ibericas
1251 369 1450 430 herbas,

120 451 173 501 se
228 450 342 501 solo
395 446 763 515 nequidquam
812 447 1166 514 intelligente,
1227 447 1451 508 dicebat,

119 527 219 579 nisi
253 527 481 577 irridens
514 526 650 575 hanc
677 525 962 575 vanitatem
993 524 1182 576 Gallius
1209 528 1451 584 Severus,

107 602 359 678 spartum
403 621 531 653 eum
571 602 746 651 dicere
790 603 931 652 velle
973 600 1251 652 indicasset.
1332 604 1490 664 Nec5

120 682 317 740 video,
377 697 539 745 quare
593 680 762 729 clarus
808 689 986 729 orator
1027 681 1235 730 duratos
1281 684 1451 730 muria

115 755 282 830 pg'sces
306 757 533 808 nitidius
555 755 651 805 effe
676 756 982 815 crediderit,
1002 774 1163 822 quam
1183 756 1357 824 ipsum
1377 757 1452 816 id,

119 835 269 901 quod
291 835 502 885 vitabat.
581 837 642 883 In
662 834 758 882 hac
779 844 955 883 autem
974 836 1310 901 proprietatis
1340 833 1453 901 spe-

28 919 109 965 670
124 914 229 971 cie,
261 929 396 978 quae
415 911 726 962 nominibus
751 910 873 977 ipsis
896 915 1152 977 cujusque
1172 913 1251 961 rei
1270 913 1456 972 utitur,

118 990 269 1039 nulla
291 990 462 1038 virtus
488 987 590 1036 est:
633 998 790 1053 atque
825 990 875 1036 ei
904 990 1228 1038 contrarium
1266 987 1338 1037 est
1369 990 1453 1038 vi-

116 1067 268 1116 tium.
308 1064 368 1115 id
399 1064 544 1131 apud
579 1082 678 1114 nos
710 1068 1074 1130 improprium,
1113 1066 1274 1132 ἄκυρον
1307 1064 1452 1132 apud

115 1231 237 1274 Illum
270 1234 429 1284 quidem
467 1232 580 1274 falso,
623 1245 693 1269 nec
732 1233 871 1268 dubito
910 1232 1007 1281 quin
1042 1243 1084 1269 ‚et
1120 1233 1238 1270 hunc.
1305 1233 1452 1282 Regius

115 1289 290 1334 nostrum
326 1290 518 1339 reposuit,
554 1303 644 1338 prae
675 1290 784 1336 cujus
814 1289 1082 1325 emendatione
1111 1290 1254 1326 Badius
1286 1289 1454 1325 malebat

117 1346 216 1381 cu‘ltu
237 1359 310 1396 pro
331 1345 406 1395 usu.
469 1346 600 1382 Minus
623 1358 725 1383 recte
748 1346 814 1382 ille
835 1346 939 1381 haud
962 1345 1101 1386 dubie,
1133 1360 1352 1395 quanquam
1373 1347 1452 1381 sen-

119 1401 237 1438 tentia
258 1402 373 1451 possit
395 1401 578 1438 blandiri.
801 1401 1052 1449 reformident.
1096 1403 1160 1438 Sic
1181 1403 1313 1439 Turio.
1346 1401 1452 1439 Flor-

120 1457 247 1495 Guelf.
273 1470 310 1495 et
334 1459 419 1494 edd.
441 1468 526 1492 ante
548 1457 636 1493 Ald.
661 1470 741 1494 exc.
761 1460 893 1506 Camp.
925 1457 1087 1506 Reliqui
1110 1457 1369 1506 reformidant.

204 1514 346 1555 herbas,
361 1514 405 1562 se
416 1513 518 1561 solo.
556 1513 684 1549 Guelf.
714 1515 847 1562 Camp.
879 1514 913 1548 Ιι.
938 1513 1145 1562 herbaffes.
1168 1527 1259 1549 eum
1281 1513 1385 1552 Voss.
1414 1525 1452 1551 2.

120 1568 215 1605 Non
239 1582 318 1606 erat
338 1570 443 1618 quod
466 1569 575 1606 ulcus
596 1570 662 1605 hic
694 1569 944 1619 suspicaretur
965 1570 1098 1605 Burm.
1132 1583 1248 1618 quem
1268 1570 1455 1619 Sigonius

121 1625 191 1674 ipfi
210 1626 347 1662 citatus
368 1628 503 1673 Lamp.
533 1627 627 1662 Crit.
643 1635 679 1667 2,
708 1627 796 1671 146.
819 1626 982 1661 debebat
1000 1625 1042 1660 in
1063 1625 1241 1662 ordinem
1263 1627 1454 1674 redigere.

206 1684 461 1732 nequidquam.
520 1683 652 1718 Turio.
694 1683 971 1732 nequodquwn,
1013 1695 1032 1716 a
1065 1683 1134 1718 sec.
1167 1695 1282 1719 manu
1318 1696 1455 1733 nequa·

59 1758 62 1760 ·
119 1752 229 1788 quam
263 1752 351 1774 cum
382 1738 484 1774 Flor.
530 1740 577 1783 (a
606 1753 664 1787 pr.
697 1742 841 1783 manu)
885 1737 1011 1774 Guelf.
1042 1739 1174 1787 Camp.
1204 1739 1321 1775 Goth.
1365 1738 1450 1775 edd.

119 1806 204 1832 ante
223 1795 310 1831 Ald.
337 1795 518 1831 Correxit
533 1795 691 1844 Regius.
723 1809 786 1830 nec
807 1809 991 1845 quoquam
1016 1805 1137 1846 tentat
1149 1796 1279 1831 Burm-
1305 1795 1452 1831 frustra.

203 1881 240 1917 5.
291 1873 447 1909 vitabat.
516 1873 646 1908 Turic.
683 1871 810 1908 Guelf.
852 1873 984 1921 Camp.
1023 1871 1175 1908 videbat
1215 1885 1305 1923 curn
1333 1871 1452 1908 Goth}

117 1927 220 1965 Alm.
252 1928 365 1965 Bodl.
395 1928 478 1964 Bal.
506 1929 612 1965 Voff.
644 1938 680 1964 2.
716 1940 755 1965 et
789 1929 873 1979 edd.
907 1939 992 1964 ante
1019 1927 1107 1964 Ald.
1132 1929 1276 1977 quibus
1305 1928 1454 1967 accedit

118 1984 212 2024 Bad.
230 2000 290 2036 pr.
317 1987 433 2020 Recte
451 1987 585 2020 Burm.
607 1985 758 2034 ablegat
780 1985 827 2020 ad
847 1995 884 2029 7,
906 1990 945 2032 4,
968 1992 1032 2029 28.
1211 1993 1333 2034 atque.
1362 1986 1452 2021 Am-

121 2040 220 2079 bros.
237 2055 269 2078 1.
292 2041 469 2089 οἶ)”ῳιοιί.
510 2041 613 2088 Flor.
644 2042 774 2078 Turic.
794 2042 844 2077 ad
863 2043 938 2090 qui.
967 2054 989 2076 a
1013 2041 1079 2076 sec.
1101 2054 1220 2076 manu
1239 2042 1343 2090 atqui
1363 2053 1453 2076 cum

122 2097 250 2134 Guelf.
282 2099 414 2146 Camp.
470 2097 650 2145 Suspicor
679 2110 816 2132 verum
849 2097 943 2132 effe:
975 2105 1016 2132 at
1045 2097 1146 2145 quod
1177 2097 1212 2132 ei
1243 2105 1359 2132 contr.
1389 2093 1453 2144 est,

119 2155 264 2197 sitium.
445 2153 484 2187 id
505 2153 617 2199 apud.
674 2153 737 2188 Sic
759 2154 892 2188 Turic.
920 2151 1023 2191 Flor.
1053 2153 1185 2201 Camp.
1218 2164 1306 2188 cum
1331 2151 1450 2188 Goth.

120 2211 144 2249 J
149 2210 220 2246 ens.
242 2221 280 2245 et
300 2202 383 2245 edd‘.
409 2219 493 2244 ante
514 2209 595 2243 Bas.
615 2221 694 2257 quo
722 2208 825 2245 redit
845 2207 941 2245 Obr.
970 2207 1132 2258 Reliqui
1148 2208 1320 2245 inserunt
1340 2207 1451 2259 quod.

121 2265 226 2304 Voss.
253 2275 290 2302 2.
311 2273 348 2301 et
374 2278 446 2315 pro
469 2265 518 2302 id.

126 2390 238 2425 tiom's
263 2388 330 2425 vel
366 2392 519 2431 orantis,
553 2389 658 2438 quod
680 2389 764 2425 sane

124 2443 279 2480 facilius
315 2445 360 2480 ad
397 2445 659 2487 intellectum,
700 2446 763 2482 sed

126 2501 328 2548 quomodo
347 2502 466 2538 fuerit
492 2502 581 2538 loco
608 2514 761 2539 motum

125 2569 147 2607 ᾳ
178 2556 305 2592 nostro
345 2571 424 2593 non
458 2569 622 2606 apparet.
681 2559 761 2596 Ne-

127 2625 203 2660 que
224 2626 333 2648 aures
364 2612 512 2661 explet,
541 2614 644 2662 quod
675 2626 761 2651 ante

126 2682 246 2703 rerum
265 2679 459 2704 omittitur
480 2678 556 2705 aut.

180 2724 350 2763 Ibericas.
370 2724 446 2761 hoc
457 2724 582 2775 ipsum
594 2725 762 2764 affectate

817 2402 890 2438 pro
933 2387 1154 2439 Hispanicis.
1213 2387 1309 2424 Inde
1347 2387 1451 2424 enim

817 2447 995 2495 spartum.
1018 2447 1065 2482 cf.
1088 2445 1186 2481 Plin.
1197 2446 1248 2480 H.
1261 2444 1312 2481 N.
1338 2457 1398 2492 19,
1413 2454 1450 2481 2.

870 2512 912 2548 3.
958 2503 1058 2552 quod
1085 2503 1239 2538 vitabat.
1295 2500 1454 2539 Vitabat:

819 2559 922 2596 enim
955 2557 1183 2607 salsamenta
1220 2557 1370 2610 dicere,
1409 2566 1454 2592 ut

816 2613 968 2650 humile
988 2613 1236 2651 vocabulum.
1296 2611 1453 2661 Ignora-

817 2684 904 2706 mus
923 2670 1008 2718 quis
1030 2669 1096 2705 hic
1118 2670 1245 2713 fuerit«
1258 2668 1374 2707 nimis
1395 2669 1452 2705 su·

817 2726 931 2777 perbi
954 2725 1032 2764 oris
1062 2736 1258 2776 patronus.
