1586 2990
239 219 338 271 414
550 206 624 256 M.
656 212 780 258 ΕΑΒ.
817 212 1221 274 QmNTmANI

241 334 451 393 Milone,
487 354 584 385 non
607 337 768 384 dicam
801 330 1034 405 consule?
1082 336 1144 383 de
1166 333 1392 404 nostrum
1411 340 1540 386 enim

241 415 479 460 omnium.-
527 429 623 459 non
656 412 818 458 audeo
844 420 1001 458 totum
1029 411 1220 466 dicere.-
1259 413 1347 461 cui
1374 412 1538 461 [imile

240 485 312 534 est
345 488 402 534 in
439 486 712 550 prooemio
745 501 842 550 pro
874 484 1207 549 Ctesiphonte
1236 477 1540 537 Deniosthe-

150 563 348 615 -55nis:
388 563 475 610 vel
496 562 599 608 alio
623 559 925 608 transeundi
950 561 1136 624 gratia,
1177 561 1427 610 Cominius
1449 580 1541 609 au-

238 647 360 692 tem,
397 646 552 683 camec
577 653 594 681 ι
622 631 863 706 ignoscite
890 634 1030 692 mihi,
1058 634 1264 698 judices.
1341 639 1402 684 In
1431 654 1538 700 quo

238 711 310 759 est
338 722 388 758 et
412 712 501 758 illa
539 709 608 771 (fi
631 722 804 758 tamen
835 711 971 757 inter
999 709 1245 758 schemata
1276 712 1540 759 numerari

237 786 417 842 debet,
457 802 577 834 eum
609 787 722 833 aliis
747 786 904 832 etiam
930 800 1046 850 pars
1071 784 1246 834 causae
1269 785 1540 850 videatur)

235 854 506 930 digreffios
543 860 648 908 abit
669 862 809 908 enim
831 860 974 908 causa
997 862 1054 908 in
1078 860 1256 909 laudes
1275 862 1368 910 Cn.
1387 865 1540 910 Pom-

234 938 355 1001 peii.
403 936 567 1000 quue
586 934 700 983 fieri
726 938 880 984 etiam
900 935 1005 984 fine
1035 939 1321 998 ἀποσιωπήσει
1348 937 1536 1002 potuit.

171 1020 220 1064 56
234 1014 374 1062 Nam
398 1013 610 1060 brevior
631 1012 736 1069 illa,
771 1020 832 1060 ut
859 1012 928 1058 ait
943 1012 1143 1070 Cicero,
1179 1029 1207 1060 a
1228 1028 1284 1061 re
1306 1011 1538 1077 digreffio

314 1182 387 1203 non
416 1169 543 1203 dicam.
598 1167 659 1202 Sic
680 1167 809 1203 Tui-ic.
830 1165 931 1204 Flor.
955 1166 1080 1205 Guelf.
1106 1169 1235 1216 Camp.
1259 1181 1347 1204 cum
1370 1170 1473 1207 Voss'.
1500 1183 1536 1204 ι.

233 1234 271 1259 et
288 1223 371 1258 edd.
398 1234 481 1258 ante
509 1222 616 1258 Bafil.
666 1222 823 1270 Reliqui
854 1236 897 1256 ne
919 1223 954 1257 d.
1124 1225 1228 1258 enim.
1274 1224 1402 1259 Turic.
1432 1223 1535 1259 Flor·

232 1279 428 1314 omittnnt.
478 1279 523 1311 In
547 1278 648 1315 Vols.
673 1287 706 1319 3.
739 1290 814 1312 non
838 1297 887 1304 —
913 1280 1072 1312 omnium
1097 1278 1359 1323 desiderantur.

315 1340 377 1376 55.
410 1334 601 1367 Cominius.
653 1333 714 1367 Sic
741 1333 870 1366 Turic.
897 1333 1028 1368 Ambr.
1049 1343 1084 1368 2.
1125 1334 1355 1368 Communius
1371 1333 1473 1368 Voss.
1497 1342 1534 1368 Β.

233 1387 360 1433 (nihil
381 1387 452 1422 tale
470 1388 509 1421 in
533 1386 678 1429 Goth.)
720 1388 915 1422 Commune
937 1388 1066 1435 Camp.
1103 1386 1261 1434 Reliqui
1281 1389 1486 1422 communis.

312 1441 463 1491 tarne-(si.
503 1442 597 1479 Jens.
619 1442 749 1477 Locat.
769 1441 875 1476 Rufe.
899 1441 1039 1491 temefi,
1070 1441 1174 1490 quod
1195 1441 1355 1489 corrigit
1378 1441 1536 1488 Regius.
1581 1478 1586 1485 ,

312 1497 419 1545 causa
445 1499 494 1533 in.
552 1497 684 1534 Turio.
717 1493 869 1544 angusta
893 1499 915 1532 ι’.
965 1496 1067 1532 Flor.
1101 1496 1231 1531 Ambr.
1261 1509 1294 1531 1.
1327 1493 1478 1543 augusta
1509 1496 1533 1531 ἰ.

230 1566 318 1589 cum
336 1553 436 1588 Alm.
488 1552 590 1598 Quid
609 1553 673 1592 fit,
703 1565 782 1587 non
806 1563 960 1599 exputo.
1165 1552 1228 1593 Cn.
1279 1550 1409 1587 Turio.
1437 1552 1535 1598 gnei-

229 1610 359 1656 Camp.
392 1607 465 1642 Gn.
683 1608 806 1655 quue.
858 1608 918 1642 Sic
949 1608 1079 1642 Tui-ic.
1110 1605 1212 1641 Flor.
1245 1605 1370 1641 Guelf.
1403 1605 1532 1653 Camp.

227 1663 344 1699 Goth.
370 1663 467 1701 Jens.
497 1664 590 1707 (tac.
611 1660 747 1710 Gesn.)
777 1674 866 1697 cum
891 1663 998 1702 Vols.
1024 1671 1061 1699 2.
1093 1671 1131 1696 et
1162 1660 1246 1698 edd.
1278 1670 1363 1695 ante
1382 1659 1531 1710 Gryph-

225 1718 384 1766 Reliqui
412 1719 456 1752 ld
482 1719 591 1767 quod.

280 1853 348 1887 pro
381 1837 610 1888 Ctesiphonte
644 1837 852 1886 Demosthe·
906 1839 1055 1879 norim,
1083 1851 1163 1873 non
1183 1837 1324 1886 legitur
1345 1847 1382 1872 et
1400 1836 1449 1872 est
1468 1836 1530 1871 ad·
1584 1885 1586 1890 .

225 1897 292 1930 uis.
331 1891 433 1929 Ἀλλ’
456 1894 530 1938 ἐμοὶ
554 1894 616 1937 μἐν
637 1915 692 1922 —
712 1893 749 1929 οὐ
769 1890 853 1937 βοά·
907 1894 1072 1928 dendum
1102 1892 1273 1928 collectis
1292 1892 1428 1927 adhuc.
1458 1893 1531 1926 Te·
1563 1915 1567 1920 ·

224 1952 332 1994 λομαι
361 1948 395 1983 δὲ
417 1947 583 1997 ’δυσχερὲς
608 1948 716 1984 εἰπεῖν
742 1947 850 1983 οὐδέν.
906 1949 995 1996 tigit
1025 1946 1267 1984 Cornelianas
1294 1945 1371 1995 ipse
1394 1946 1528 1991 Cicero

221 2017 261 2052 p.
282 2004 371 2040 Rsk.
394 2004 483 2039 226.
526 2005 572 2040 cf.
602 2004 742 2052 Aquila
772 2006 848 2038 Ro·
903 2004 945 2037 in
966 2005 1167 2038 Hortenfio
1190 2004 1263 2036 five
1286 2002 1331 2036 de
1360 2000 1530 2049 philoso-

221 2071 356 2094 manus
385 2073 420 2106 p.
443 2058 598 2095 Rulmk.
628 2066 715 2103 147.
756 2060 850 2094 item
905 2058 1007 2106 phia.
1045 2057 1135 2092 vide
1157 2056 1302 2104 Fragm.
1324 2056 1405 2092 cic.
1428 2055 1530 2103 apud
1579 2075 1582 2078 -

220 2115 334 2150 nostr.
359 2126 395 2161 9,
421 2122 456 2156 5,
485 2113 549 2149 60.
904 2115 995 2149 Ern.
1032 2126 1070 2160 p.
1103 2119 1217 2159 ¹095·
1286 2114 1332 2146 In
1367 2110 1526 2145 Pseudo·

279 2177 341 2212 55.
367 2170 565 2204 Cominius.
595 2169 749 2205 Nomen
774 2168 849 2203 hoc
904 2167 1084 2203 Turnebi
1109 2177 1198 2201 nota
1227 2165 1374 2213 aliquid
1400 2165 1527 2199 turba·

221 2224 326 2271 quod
355 2234 559 2271 comparet,
585 2224 697 2259 docet
717 2223 847 2258 locum
904 2233 986 2258 tum
1023 2222 1140 2258 fuerit
1178 2221 1318 2256 neceffe
1344 2220 1414 2260 est,
1454 2219 1526 2266 qui

220 2279 291 2313 effe
310 2292 356 2313 ex
378 2278 615 2314 Cornelianis
636 2278 845 2314 Ciceronis.
903 2278 1115 2313 orationem
1128 2275 1323 2311 Ciceronis
1341 2287 1412 2323 pro
1432 2275 1526 2310 Gor—

217 2333 364 2369 Fratres
386 2332 488 2367 enim
512 2333 683 2368 Cominii
703 2335 741 2367 P.
755 2344 790 2367 et
803 2334 843 2368 C.

219 2388 364 2422 crimen
388 2387 585 2433 majestatis
605 2388 845 2422 intenderant

219 2442 422 2482 Cornelio,
453 2454 567 2489 quem
588 2441 757 2476 defendit
781 2442 843 2477 Ci-

218 2508 317 2532 cero.
347 2497 393 2532 cf.
430 2503 464 2540 4,
495 2506 531 2539 5,
569 2505 628 2539 ¹5·
661 2497 761 2532 unde
784 2498 842 2531 in-

901 2331 1005 2367 nelio
1032 2331 1152 2366 Balbo
1187 2330 1263 2364 huc
1293 2339 1425 2370 vocat,
1464 2328 1526 2363 sed

903 2388 982 2432 ejus
1023 2385 1226 2433 tangendae
1278 2383 1383 2419 nulla
1421 2396 1523 2419 nunc
1564 2398 1566 2401 ·

900 2442 1009 2476 ratio.
1069 2439 1169 2474 Male
1210 2439 1286 2474 hoc
1327 2447 1523 2487 exceperat

899 2496 1048 2531 fortass‘e
1076 2494 1213 2542 aliquis
1233 2494 1453 2529 auditorum
1475 2503 1521 2527 ex

215 2550 641 2600 telliges,cligreffionem
654 2552 724 2586 effe
735 2551 842 2585 illam
896 2551 1011 2598 ipsius
1039 2549 1210 2584 Turnebi
1238 2561 1316 2584 ore.
1355 2548 1403 2583 cf.
1423 2557 1459 2591 7,
1481 2557 1518 2588 2,

215 2619 235 2640 a
283 2607 466 2642 Cicerone
513 2607 555 2640 in
603 2605 841 2642 Cornelianis

212 2660 358 2695 factam.
406 2661 497 2696 vide
526 2672 562 2696 et
588 2675 648 2701 ιι,
677 2670 714 2703 5,
751 2661 839 2704 164.

899 2613 1016 2702 5²⁸5&
1047 2667 1086 2694 ut
1106 2660 1160 2694 ait
1181 2659 1316 2694 Cicero.
1351 2656 1398 2695 cf.
1418 2668 1454 2705 9,
1479 2669 1515 2695 ι.

211 2715 481 2763 Fragmentum
500 2715 574 2751 hoc
599 2715 704 2756 alibi,
736 2715 839 2764 quod
896 2721 960 2760 23.
