1586 2990
166 642 218 688 68
231 637 379 684 velut
416 635 657 684 nuncius.

227 212 323 260 260

227 332 366 386 rum*
379 334 553 384 crescit
581 333 851 383 miseratio.

541 213 614 258 Μ.
649 214 782 259 FAB.
818 211 1224 272 QUlNTlLl-ANI

910 335 1030 382 Sine
1053 334 1216 385 dubio
1241 315 1396 394 enim,
1434 336 1528 400 qui

230 411 358 459 dicit
389 420 738 478 expugnatam
778 407 873 458 effe
904 410 1187 468 civitatem,
1235 412 1530 476 complecti-

227 496 316 534 tur
341 487 539 541 omnia,
578 501 918 549 quaecunque
945 487 1059 534 talis
1085 485 1296 535 fortuna
1318 487 1529 552 recipit:

229 559 318 608 sed
367 563 424 609 in
470 556 682 609 affectus
727 562 903 610 minus
951 572 1184 625 penetrat
1230 561 1401 610 brevis
1444 558 1532 609 hic

746 638 835 693 At,
895 635 932 684 fi
965 638 1159 702 aperias
1202 637 1354 694 haec,
1401 651 1534 698 quae
1576 634 1586 678 ζ

228 711 392 759 verbo
414 727 526 760 uno
553 709 750 760 inclusa
774 723 939 770 erant,
978 713 1298 777 apparebunt
1322 721 1372 760 et
1395 708 1533 759 fusae

229 802 323 851 per
353 785 542 835 domus
570 803 625 834 ac
652 788 842 852 templa
879 786 1138 846 flammae,
1183 797 1233 835 et
1264 786 1534 846 ruentium

230 871 489 910 tectorum
531 861 729 927 fragor,
782 875 832 911 et
872 880 934 911 ex
971 862 1184 912 diversis
1221 860 1533 911 clamoribus
1544 871 1586 911 7⁶

230 953 370 985 unus
400 937 613 1001 quidam
654 937 842 996 Ionus,
900 939 1124 988 aliorum
1161 937 1285 1003 fuga
1329 938 1536 992 incerta,
1584 1002 1586 1005 .

233 1012 322 1059 alii
354 1014 412 1060 in
444 1024 675 1060 extremo
706 1015 983 1080 complexu
1014 1013 1232 1063 suorum
1262 1012 1538 1062 cohaeren-
1570 1069 1586 1079 ,Δ

231 1096 334 1143 tes,
368 1099 420 1135 et
446 1082 727 1137 infantium
746 1087 1164 1153 feminarumque
1190 1090 1450 1154 ploratuS„
1489 1095 1539 1133 et

232 1162 368 1209 male
394 1164 452 1210 in
483 1163 634 1210 illum
657 1180 821 1226 usque
845 1164 985 1212 diem
1017 1163 1200 1213 servati
1227 1162 1334 1211 fato
1364 1161 1537 1210 senes:
1578 1220 1582 1222 .

170 1241 221 1290 69
234 1246 345 1285 tum
380 1237 470 1294 illa
507 1237 850 1302 profanorum
893 1238 1259 1303 sacrorumque
1298 1238 1541 1301 direptio,

234 1309 562 1360 efferentium
602 1314 812 1377 praedas
852 1316 1303 1379 repetentiumque
1342 1312 1543 1360 discur-

233 1384 344 1444 sus,
403 1398 454 1435 et
497 1390 595 1435 acti
628 1400 744 1436 ante
781 1389 935 1438 fuum
971 1391 1191 1454 quisque
1226 1386 1543 1453 praedonem

319 1536 481 1584 affectus.
521 1538 652 1574 Turic-
681 1538 784 1574 Flora
808 1540 938 1588 Camp.
960 1539 1148 1587 affectibus
1170 1552 1256 1574 cum
1276 1535 1377 1573 Alm.

321 1592 384 1636 68.
419 1593 558 1630 domus.
608 1594 670 1628 Sic
698 1595 829 1630 Turio.
868 1595 1027 1642 Reliqui
1055 1595 1193 1630 domos.

1317 1590 1540 1626 clamoribus.

237 1647 368 1682 Turic.
395 1646 496 1683 Flor.
522 1650 651 1696 Camp.
675 1647 892 1696 fragoribus
911 1663 998 1687 cum
1024 1649 1125 1685 Ahn.
1165 1650 1210 1684 cf.
1235 1649 1256 1685 6
1279 1651 1366 1683 Pro.
1384 1646 1426 1681 6.
1457 1657 1542 1680 nam
1560 1637 1567 1643 ”

237 1711 276 1736 et
293 1702 369 1736 hoc
388 1702 598 1739 intervenit
626 1717 671 1739 ex
691 1705 901 1751 prioribus.

1122 1707 1157 1739 in
1187 1699 1358 1739 extremo.
1412 1701 1542 1736 Turic-

235 1755 338 1792 Flor.
371 1756 495 1791 Guelt'.
525 1759 710 1793 omittunt
740 1761 777 1793 in
806 1774 892 1809 cum
918 1761 1047 1807 Camp.
1087 1760 1155 1806 qui
1185 1770 1222 1794 et
1251 1756 1465 1805 transponit
1495 1754 1564 1790 al.-

229 1809 380 1858 suorum
411 1820 499 1847 extr.
533 1814 661 1859 compl.
694 1815 771 1850 coh.

983 1813 1099 1862 senes,
1153 1814 1290 1856 Turio.
1318 1812 1419 1847 Flor.
1453 1810 1545 1854 (hio

236 1878 256 1899 a
283 1879 339 1913 pr.
362 1868 504 1910 manu)
537 1877 646 1902 ratuS.
696 1868 796 1906 Ahn.
828 1878 896 1906 rat.
954 1870 1174 1917 Repetitum
1216 1881 1262 1903 ex
1299 1865 1545 1916 praecedento

234 1921 414 1967 ploratus.

322 1975 384 2022 69.
415 1978 487 2011 acti
508 1987 604 2012 ante.
645 1979 775 2014 Turio.
806 1978 907 2015 Flor.
933 1978 1025 2023 (hic
1045 1992 1065 2013 a
1084 1991 1140 2028 pr.
1163 1978 1308 2022 manu)
1338 1977 1434 2011 actio
1460 1985 1552 2009 etun

236 2029 336 2065 Alm.
378 2032 451 2066 Sed
473 2033 598 2068 Guelf.
623 2036 694 2068 acti
721 2034 856 2070 omiffo
888 2043 985 2070 ante.

236 2151 434 2188 Victorius
482 2154 524 2188 in
581 2155 865 2191 Commentario

237 2218 275 2253 p.
292 2206 379 2247 156.
410 2208 472 2243 Est
491 2209 663 2245 scholion
678 2213 865 2247 Venetam

239 2258 282 2294 ad
319 2259 447 2295 locum
478 2265 642 2298 Homeri
671 2265 780 2300 Iliad.
807 2274 865 2308 15,

242 2315 332 2361 496.
371 2317 475 2362 quod
513 2319 664 2366 respicit
705 2320 866 2355 alterum

239 2369 562 2410 illum,Aristoteli
574 2374 742 2414 citatum,
756 2375 864 2411 Iliad.

241 2436 279 2490 ξι),
303 2432 443 2487 593——
461 2437 522 2474 94.
547 2427 734 2476 ῥητορικῶς
751 2449 804 2458 —·
825 2428 867 2463 τὸ

242 2492 275 2512 εν
308 2493 460 2528 'remman
497 2484 559 2524 τὴν
589 2484 778 2531 πόρθησιν,
821 2483 869 2525 εἰς

239 2533 358 2568 πολλὰ
389 2537 624 2585 κατεμέρισεν.
680 2539 726 2574 cf.
768 2552 864 2586 quae

240 2589 331 2624 citat
359 2591 535 2638 Heynius
567 2594 613 2628 ad
640 2594 866 2641 posteriores

236 2642 378 2680 Iliados
399 2648 540 2682 versus.

292 2698 355 2743 68.
383 2701 665 2751 At‚fiay›er1'as.
694 2704 865 2739 Rectiffi-

1540 2068 1574 2108 ,Χ

921 2169 982 2190 me
1046 2157 1309 2190 Bur-manzrnm
1381 2146 1551 2182 revincit

922 2212 1126 2249 Gesnerus,
1179 2207 1401 2242 aestuantem
1431 2200 1544 2256 &unde

921 2266 991 2300 hae
1031 2260 1343 2312 amplificationes
1385 2259 1455 2292 fint
1483 2255 1542 2290 de·

921 2322 1073 2355 sumtae.
1131 2321 1227 2352 Sunt
1256 2317 1368 2362 ipsius
1393 2309 1542 2358 Quinti·

921 2374 1037 2414 liani,
1077 2373 1231 2408 decorae
1260 2368 1432 2416 profecto
1464 2366 1543 2411 ejus

920 2430 1091 2477 ingenio.

979 2494 1014 2518 et
1054 2496 1097 2518 ex
1149 2478 1295 2528 ‹liverfis
1331 2497 1386 2506 ——
1419 2474 1540 2524 sonus.

919 2538 1133 2574 Rectissime
1155 2535 1279 2570 suadet
1297 2529 1541 2568 Heindorfiu·

922 2606 1138 2641 expungere
1168 2589 1399 2626 clamoribus,
1437 2595 1478 2620 ut
1496 2582 1541 2618 ad

922 2647 1068 2696 diverszs
1088 2645 1331 2682 subaudiatur
1348 2641 1461 2692 sonis.
1494 2637 1539 2674 cf·

923 2713 1002 2738 not.
1033 2703 1116 2737 crit.
