1586 2990
275 175 439 222 INST.
479 173 756 221 ORATOR.
791 172 911 219 Lm.
947 171 1033 228 IX,
1077 180 1126 230 4.
1267 182 1366 232 589

38 303 328 370 longaque3
375 301 506 351 huic
533 299 855 350 contrarium
884 313 914 346 e
935 297 1093 364 longa
1125 308 1176 346 et
1196 297 1366 357 brevi,

39 377 289 438 choreum,
328 395 440 428 non
468 388 531 427 ut
554 378 645 426 alii
671 375 980 433 trochaeum5
1009 376 1363 425 nominemuS.

38 458 118 507 Ex
159 455 243 505 his
291 472 447 513 vero,
515 457 612 520 qui
659 464 830 502 ternas
880 450 1100 518 syllabas
1152 453 1427 512 habent,8¹

38 532 301 598 dactylum
344 533 503 597 longa
545 530 856 595 duabusque
894 528 1169 589 brevibus3
1234 529 1365 579 huic

39 609 372 675 temporibus
399 625 594 675 parem,
626 605 717 656 sed
746 615 1079 663 retroactum,
1116 605 1366 673 apPellari

41 682 238 736 constat
265 681 599 754 anapaefion.
653 683 836 734 Media
867 684 1008 731 inter
1032 683 1216 749 longas
1247 682 1368 732 bre.-

39 763 125 812 vis
151 761 306 811 faciet
331 761 758 827 amphimacrum.-
792 758 881 809 sed
903 757 1233 825 frequentius
1253 763 1367 821 ejus

40 855 241 888 nomen
266 838 338 887 est
364 842 586 887 creticus.
651 840 833 903 Longa
859 838 997 885 inter
1023 836 1231 895 breves,
1259 855 1367 886 am·
1380 850 1434 889 82

36 913 376 980 phibrachy55
424 915 630 964 duabus
657 915 832 979 longis
862 914 1080 963 brevem
1105 912 1370 979 sequenti·

40 991 158 1050 blm,
186 986 446 1053 benekius,-
482 990 706 1042 totidem
723 991 898 1056 longis
921 991 1138 1040 brevem
1162 1007 1371 1057 praece·-

125 1143 247 1186 brevi,
277 1143 456 1180 choreum.
508 1143 641 1179 Turic.
674 1142 779 1179 Flor.
810 1142 904 1188 (hio
934 1155 953 1178 a
975 1156 1034 1192 pr.
1054 1142 1200 1192 manu)
1224 1143 1368 1180 brevio-

39 1212 120 1236 nm
135 1200 229 1240 *cnm
247 1198 351 1236 Alm.
392 1200 492 1235 brevi
513 1199 607 1234 hunc
635 1198 764 1236 Guelf.
790 1199 924 1248 Camp.
953 1212 1043 1234 cum
1065 1199 1150 1236 edd.
1172 1211 1257 1236 ante
1277 1199 1369 1238 Ald.

40 1268 122 1292 exc.
152 1255 267 1292 Tarv.
299 1256 369 1304 qui
400 1256 450 1292 br.
475 1269 568 1292 cum.
621 1255 714 1292 Bad.
740 1269 799 1304 pr.
830 1255 864 1291 b.
886 1267 954 1291 nos
975 1256 1155 1291 choreum.
1193 1256 1304 1292 Alter
1331 1257 1368 1293 b.

38 1311 132 1347 hunc
166 1312 220 1348 ch.
261 1323 350 1346 cum
386 1312 473 1349 edd.
502 1322 588 1347 ante
630 1311 737 1347 Gesn.
799 1311 1022 1347 Nobiscum
1062 1311 1210 1348 faciunt
1246 1312 1368 1348 Goth.

37 1367 144 1405 Voss‘.
166 1378 203 1404 2.
232 1365 320 1404 Ald-
541 1381 626 1404 non.
678 1366 805 1403 Guelf.
830 1368 962 1416 Caxnp.
985 1369 1082 1406 Jens.
1107 1369 1204 1413 (tac.
1228 1370 1368 1414 Gesn.)

37 1437 108 1460 nos
136 1436 227 1460 cum
256 1422 374 1460 Goth.
402 1423 507 1462 Voff.
532 1434 569 1461 2.
595 1435 631 1461 et
652 1424 738 1460 edd.
761 1433 847 1459 ante
873 1422 969 1459 Obr.
993 1436 1069 1460 acc.
1091 1425 1251 1474 Capper.
1292 1424 1374 1460 Sed,

36 1481 172 1517 Burm.
195 1480 303 1516 Gesn.
322 1480 410 1528 Bip.
431 1493 498 1515 nos
519 1493 606 1516 non.

118 1543 185 1581 81.
215 1536 284 1571 his.
327 1536 390 1572 Sic
410 1536 542 1571 Turio.
565 1534 814 1581 Flor.*Guelf.
837 1536 970 1583 Camp.
991 1535 1090 1574 Jens.
1111 1538 1207 1582 (tac.
1231 1536 1370 1583 Getn.)

34 1603 129 1629 cum
150 1592 234 1628 edd.
258 1603 343 1628 ante
365 1592 515 1642 Gryph.
542 1605 622 1628 exc.
645 1591 738 1628 Bad.
790 1590 950 1640 Reliqui
978 1593 1034 1628 iis.

114 1647 186 1699 sed
213 1658 323 1684 retro.
368 1649 500 1684 Turic.
530 1648 634 1684 Flor.
658 1648 751 1694 (hic
772 1662 791 1682 a
810 1648 877 1683 sec.
901 1650 1044 1693 manu)
1072 1647 1199 1685 Guelf.
1223 1648 1260 1700 fi
1282 1663 1312 1685 r.

123 1711 188 1750 82.
219 1704 514 1754 amphibrachys.
561 1705 693 1740 Turio.
721 1704 906 1745 brachios,
951 1718 968 1738 a
991 1705 1058 1741 sec.
1082 1718 1200 1740 manu
1223 1705 1368 1742 umhra-

37 1761 138 1798 chios
161 1772 199 1797 et
217 1763 266 1796 fic
286 1760 390 1796 Flor.
413 1760 542 1796 Guelf.
600 1761 675 1796 Sed
705 1760 822 1797 Goth.
847 1762 946 1804 (tac.
970 1761 1106 1806 Gesn.)
1137 1762 1370 1810 ambrackys.

37 1818 173 1867 Camp-
202 1817 493 1865 amphibrachos.
664 1831 736 1853 am.
760 1816 900 1851 duabus
922 1817 1057 1864 longis.
1101 1817 1235 1854 Turio.
1261 1818 1366 1855 flor.

32 1888 74 1910 a.
94 1874 177 1909 huic
194 1872 308 1923 causis
327 1874 354 1908 l.
398 1873 526 1909 Guelf.
547 1888 583 1908 a.
606 1873 687 1907 huic
705 1874 740 1908 d.
763 1873 787 1911 l.
827 1872 946 1909 Goth.
970 1875 1062 1918 (err.
1077 1874 1205 1918 Gesn.)
1228 1889 1263 1911 a.
1286 1875 1369 1910 huic

36 1930 94 1965 bis
117 1930 142 1964 l.
163 1942 253 1965 cum
276 1929 376 1966 Voff.
395 1939 430 1965 2.
463 1944 497 1965 a.
519 1931 600 1964 huic
622 1930 716 1964 binis
736 1930 761 1964 l.
785 1930 917 1976 Camp.
957 1943 994 1963 a.
1014 1929 1095 1963 huic
1116 1932 1319 1965 contrarius
1339 1931 1367 1966 l.

37 1986 136 2025 Jens.
157 1986 255 2030 (tac.
280 1985 408 2031 Gesn.)
437 1998 526 2020 cum
547 1985 631 2019 edd.
654 1995 738 2020 ante
759 1985 851 2019 Bad.
879 1997 959 2020 exc.
979 1985 1076 2022 Ven.
1107 1998 1203 2033 quae
1227 2001 1262 2022 α.
1286 1987 1368 2022 huic

38 2043 243 2076 contrarius
274 2040 370 2075 binis
401 2041 426 2076 l.
469 2040 542 2076 ubi
570 2051 775 2075 annotatur
805 2041 852 2074 ad
884 2041 965 2074 huic
997 2040 1117 2076 deess'e
1149 2045 1368 2085 contrarius,
1387 2082 1397 2087 .,

37 2109 179 2146 nempe
208 2097 250 2131 in
281 2097 363 2132 MS.
616 2095 758 2131 brevem
782 2115 836 2123 —-
862 2096 1016 2131 totidem
1044 2097 1178 2144 longis.
1233 2099 1367 2135 Turic.

38 2152 144 2190 Flor.
167 2152 296 2188 Guelf.
326 2152 459 2200 Camp.
493 2150 611 2189 Goth.
644 2152 741 2191 Jens.
772 2155 869 2198 (tac.
891 2152 1027 2197 Gesn.)
1062 2154 1250 2190 omittunt
1278 2167 1369 2190 cum

37 2208 144 2248 Vols.
170 2219 206 2244 2.
232 2218 270 2244 et
290 2207 375 2243 edd.
401 2217 486 2242 ante
507 2207 599 2242 Bad.
631 2209 702 2257 qui
722 2209 894 2244 nostrum
919 2209 1091 2257 reposuit
1114 2222 1132 2245 e
1152 2209 1254 2249 Vall.

121 2277 242 2312 praec.
261 2263 414 2313 palimb.
446 2263 508 2298 Sic
526 2264 656 2300 Turic.
678 2263 780 2301 Ποῖ.
802 2265 934 2314 Camp.
955 2277 1044 2300 cum
1066 2265 1183 2300 Goth.
1203 2266 1306 2304 Voss'.
1328 2278 1367 2304 2.

38 2319 208 2356 bacchius
238 2322 296 2355 cui
323 2321 525 2355 contrarius
545 2319 717 2355 inserunt
746 2321 845 2358 Jens.
871 2323 969 2366 (tac.
991 2321 1130 2366 Gesn.)
1161 2335 1250 2357 cum
1279 2322 1368 2359 edd.

39 2385 126 2411 ante
144 2375 238 2411 Bad.
277 2386 481 2411 annotante
497 2376 646 2412 Veneto
666 2375 786 2412 deess'e
806 2380 843 2422 (a
865 2378 967 2423 MS.)
994 2377 1161 2413 bacchius
1183 2379 1265 2414 huic
1283 2392 1367 2415 con·

41 2433 186 2468 erarius.
235 2431 397 2481 Reliqui
423 2445 480 2481 pr.
508 2431 590 2467 huic
617 2435 818 2468 contrarius
838 2447 878 2482 p.

38 2567 139 2596 „nus
158 2553 296 2591 habeat
313 2567 435 2591 unum
457 2566 607 2604 tempus
628 2556 674 2592 ab
731 2556 827 2593 item
856 2570 972 2607 quem
1001 2547 1094 2594 vide
1121 2558 1168 2594 ad
1187 2558 1302 2595 nostr.
1329 2572 1366 2600 1.

38 2610 220 2651 „iambo:
263 2610 360 2658 παρὰ
397 2612 499 2647 enim
539 2613 677 2648 Graeci
733 2621 769 2658 8,
796 2614 830 2650 6.
857 2627 896 2663 p.
924 2613 1015 2661 196.

38 2666 198 2706 „minus
213 2666 385 2703 dicunt.“
412 2667 524 2703 Aliu‘s
539 2663 682 2704 eodem*
789 2677 854 2715 82.
894 2670 1181 2719 amphibrachys
1210 2690 1264 2699 —
1299 2685 1366 2721 pa·

38 2722 197 2757 nomine
217 2735 285 2772 pes
312 2723 496 2760 Diomed.
519 2737 556 2773 p.
583 2731 674 2769 475.
730 2725 832 2762 limb.
859 2729 938 2762 orit.
977 2725 1024 2762 cf.
1046 2737 1128 2763 not.
1149 2727 1235 2763 crit.
