1586 2990
225 254 316 297 132
533 244 607 290 M.
639 221 765 290 m.
799 240 1207 302 QUtNTlLIANl

225 368 410 414 tatione
446 365 685 423 dissolvi,
726 365 1048 428 peroratione
1089 371 1178 412 aut
1215 361 1519 413 memoriam

165 439 392 498 mrefici.
439 452 527 490 aut
560 443 760 488 animos
797 439 1012 486 moveri.
1104 438 1199 487 His
1246 452 1586 503 argumen-ffi«

224 515 368 563 tandi
389 526 438 563 et
459 514 712 563 afficiendi
738 515 905 570 locos,
953 523 1004 560 et
1027 512 1218 576 quibus
1245 513 1520 578 generibus

179 602 201 619 ⁸·
226 591 494 646 concitari,
530 590 744 654 placari,
791 586 982 637 resolvi
1016 587 1212 648 judices
1246 579 1520 652 oporteret,

225 665 515 724 adjecimus.
573 663 778 712 Acceffit
802 664 933 711 ratio
957 661 1240 712 divisionis.
1297 661 1521 712 Credere

224 738 412 796 modo,
462 739 557 803 qui
597 737 779 796 discet,
827 739 982 796 velit,
1028 747 1217 786 certam
1261 736 1521 803 quandam

225 911 271 946 ad
291 925 370 947 eam
392 913 565 949 accedere
584 913 677 949 haec
694 923 846 963 putem:
878 912 1134 954 ,‚audientem‚
1164 911 1294 954 doceri
1312 926 1408 949 narr.
1431 924 1520 961 pro-

225 969 368 1014 „pofita
389 968 605 1003 confirmari
629 969 854 1017 probatione
882 965 950 1002 ref.
972 967 1162 1002 dissolvi“
1185 978 1253 1003 cet.
1309 971 1458 1004 Praeter
1481 981 1523 1002 ea

227 1034 320 1068 quae
354 1023 519 1058 nimium
549 1025 634 1059 sunt
661 1024 879 1062 immutata,
920 1022 1084 1058 roborari
1110 1022 1233 1058 levius
1263 1025 1426 1071 politum
1459 1022 1520 1062 est,

227 1088 303 1122 quo
339 1076 379 1110 in
408 1077 478 1112 hac
507 1092 547 1113 re
578 1079 638 1112 uti
666 1080 737 1124 Qu.
771 1090 848 1112 non
880 1076 1061 1116 memini,
1103 1090 1190 1112 nam
1223 1077 1327 1113 aliud
1356 1078 1406 1113 est
1429 1089 1524 1112 mox
1548 1112 1555 1115 „

226 1133 259 1176 §-
284 1137 346 1173 28.
371 1132 412 1166 in
433 1133 629 1173 memoria,
661 1143 696 1167 et
716 1134 823 1167 robur
840 1145 899 1171 10,
921 1141 956 1175 5,
983 1145 1045 1171 ιο.
1177 1146 1280 1167 mem.
1306 1132 1420 1180 refici.
1460 1132 1522 1167 Sic

225 1185 354 1220 Turio.
377 1187 500 1221 Guelf.
525 1189 652 1234 Camp.
683 1200 768 1222 cum
799 1186 914 1222 Goth.
939 1186 1042 1225 Voff.
1071 1197 1104 1221 2.
1134 1186 1234 1222 Alm.
1266 1198 1302 1222 et
1325 1187 1407 1223 edd.
1439 1197 1522 1222 ante

224 1238 315 1274 Bad.
345 1253 420 1288 quo
443 1254 516 1276 acc.
539 1242 633 1277 Obr.
672 1241 828 1288 Reliqui
848 1242 1016 1276 inserunt
1039 1241 1184 1285 judicis,
1214 1243 1335 1289 Regio
1354 1241 1522 1288 jubente.
1567 1277 1571 1284 ,

313 1306 373 1330 12.
405 1305 596 1343 oporteret.
636 1298 697 1332 Sic
709 1297 878 1331 Amba-os.
898 1308 929 1330 ι.
961 1304 1126 1343 oportere
1137 1295 1378 1332 Flor.Turic.
1403 1298 1521 1344 (apr.

224 1361 340 1383 manu
362 1353 557 1398 uterque).
604 1351 761 1398 Reliqui
792 1359 947 1398 oportet.
1162 1351 1274 1401 velit,¹
1310 1360 1441 1386 certam
1467 1369 1522 1378 --

227 1404 263 1435 in
285 1417 365 1450 qua.
424 1406 553 1440 Turic-
574 1406 676 1441 vellit
697 1415 824 1440 tetram
844 1406 1021 1453 quaedam
1036 1407 1177 1440 variam
1197 1403 1247 1452 ⁶fi
1267 1415 1302 1440 et
1320 1408 1342 1441 i.
1367 1419 1402 1454 q.
1434 1419 1522 1440 cum

225 1456 325 1492 Alm.
362 1459 431 1493 nifi
463 1461 565 1506 quod
596 1475 642 1495 ex
671 1452 746 1495 hoc
774 1461 864 1495 velit
895 1471 931 1495 ct
959 1461 1084 1500 varia,
1124 1473 1192 1494 nec
1223 1469 1270 1495 et.
1310 1474 1330 1495 a
1359 1461 1427 1496 sec.
1454 1460 1522 1495 ille

225 1525 341 1546 manu
371 1514 428 1548 vel
456 1507 562 1549 litera
590 1516 764 1563 quaedam
788 1518 892 1550 varia
913 1513 980 1563 effe
1009 1517 1046 1548 in
1072 1529 1106 1562 q.
1145 1525 1182 1549 et
1209 1516 1256 1550 fic
1277 1515 1400 1551 Guelf.
1434 1528 1523 1550 cum
1548 1541 1550 1543 -

227 1567 351 1602 tribus
366 1568 558 1605 Vaticanis
578 1571 653 1605 No.
670 1577 759 1613 577.
787 1577 900 1612 1555.
928 1576 1043 1612 1557.
1067 1580 1102 1604 ct
1121 1569 1375 1618 Neapolitano
1388 1570 1523 1617 Regio.
1536 1572 1543 1576 “

227 1622 326 1656 velut
358 1626 463 1658 tertia
488 1626 663 1672 quaedam
690 1627 794 1660 varia
822 1623 891 1673 effe
918 1626 956 1658 in
982 1625 1110 1671 Camp.
1139 1637 1226 1658 cum
1256 1624 1380 1660 Guelf.
1402 1624 1522 1660 facere

227 1687 399 1712 narratur
431 1679 532 1715 Voff.
566 1691 600 1715 2.
640 1679 699 1714 sed
731 1679 844 1715 Goth.
876 1682 974 1722 (err.
997 1679 1130 1722 Gesn.)
1161 1679 1249 1714 velit
1277 1681 1383 1714 tertia
1413 1693 1522 1728 quae·

228 1731 312 1764 dam
338 1734 441 1766 varia
467 1731 516 1779 eft
543 1743 577 1768 et
598 1737 620 1768 i.
641 1748 673 1782 q.
713 1734 813 1770 Flor.
837 1749 870 1770 υ.
892 1742 1033 1777 τεεναηι,
1053 1735 1099 1777 (a
1122 1734 1188 1768 sec.
1215 1747 1330 1769 manu
1353 1735 1521 1778 tertiam)

229 1785 406 1831 quaedam
433 1789 535 1822 varia
555 1787 621 1836 effe
646 1798 682 1823 et
706 1791 727 1823 i.
753 1803 786 1838 q.
826 1789 956 1824 Ambr.
986 1803 1020 1823 1.
1046 1802 1080 1823 υ.
1109 1797 1203 1824 certa
1222 1789 1399 1838 quaedam
1419 1790 1523 1823 varia

228 1838 296 1884 (in
314 1842 482 1887 margine
506 1851 520 1876 t
540 1845 626 1889 via)
652 1841 701 1890 est
719 1853 754 1877 et
780 1846 802 1879 i.
824 1858 857 1892 q.
898 1843 1015 1890 Frugi
1038 1844 1106 1878 effe
1128 1855 1326 1892 receptam,
1357 1856 1451 1891 quae
1475 1843 1522 1878 ab

227 1895 390 1931 Jensono
411 1896 500 1931 inde
530 1898 687 1937 obtinet,
717 1911 829 1933 nemo
859 1899 1036 1932 attentior
1060 1898 1210 1933 dixerit.
1258 1900 1399 1934 Certum
1424 1899 1523 1932 viam

228 1949 331 1984 credi
352 1963 465 1997 quam
483 1953 648 1986 maxime
670 1963 772 1987 vetat
795 1953 866 1999 Qu.
887 1951 1018 1988 multis
1038 1951 1132 1987 locis
1156 1952 1290 1996 (velut
1312 1959 1347 1995 5,
1372 1958 1433 1994 14,
1455 1961 1522 1995 3¹·

229 2013 251 2045 7
275 2006 362 2039 Pro.
385 2010 420 2048 4.
443 2011 481 2048 7,
508 2019 554 2041 ιο
589 2018 756 2042 extremo
788 2018 883 2047 toto,
922 2018 982 2046 12,
1005 2017 1040 2047 2,
1066 2007 1155 2050 26.)
1184 2020 1252 2042 nec
1279 2007 1321 2041 in
1354 2005 1422 2042 tali
1452 2019 1522 2054 po·

227 2058 407 2094 tiffimum
445 2061 563 2097 multa
599 2063 751 2109 poffunt
783 2062 958 2109 praestari
991 2063 1064 2096 fine
1094 2061 1276 2096 doen-ina.
1333 2062 1524 2112 ‘Quaedam

227 2114 296 2160 qui
332 2116 502 2162 potuerit
539 2117 808 2152 convenienter
844 2117 1002 2151 inserere
1047 2115 1214 2163 reliquae
1252 2116 1437 2156 orationi,
1489 2117 1522 2152 is

226 2170 389 2205 maxime
418 2171 622 2207 emendasse
644 2171 849 2206 videbitur.
907 2171 1064 2205 Interim
1085 2170 1159 2206 hoc
1185 2184 1270 2206 cum
1298 2171 1430 2205 ceteris
1459 2168 1523 2205 sta·

226 2234 327 2258 tuam
352 2235 572 2271 corruptum
595 2239 640 2261 ex
661 2226 859 2274 quandam,
899 2239 986 2260 cum
1007 2226 1234 2260 accusativus
1261 2226 1302 2260 in
1326 2224 1460 2260 ceteris
1481 2226 1524 2260 fit
1548 2235 1550 2237 ’

227 2278 586 2325 antiquiffimorum.
639 2282 741 2315 Hinc
761 2294 908 2315 eruam:
941 2277 1070 2314 terram
1089 2281 1270 2328 quandam
1289 2281 1430 2315 variam
1455 2277 1523 2328 effe
1542 2323 1546 2326 η

229 2341 264 2366 et
295 2334 332 2366 in
360 2347 443 2383 qua.
499 2335 718 2380 subjeetum
758 2335 911 2382 quidem
949 2333 1125 2374 fluctuat,
1166 2345 1202 2368 et
1230 2334 1286 2375 est*
1305 2331 1376 2368 dm?
1401 2338 1519 2369 κοινοῦ

227 2386 475 2434 intelligenda
515 2389 640 2424 omnis
677 2389 768 2423 haec
799 2385 1049 2435 πραγματεία,
1089 2388 1304 2436 eloquentia.
1374 2389 1521 2423 Terram

230 2441 403 2486 (solum)
434 2445 572 2478 variam
599 2444 638 2478 h.
666 2458 695 2479 e.
726 2443 770 2477 ad
790 2444 894 2478 varia
920 2443 1074 2489 frugum
1097 2456 1232 2490 genera
1251 2443 1391 2478 edenda
1412 2443 1519 2478 habi·
1585 2470 1586 2475 ,

227 2496 324 2536 lem,
365 2510 443 2533 non
473 2499 587 2534 unius
619 2510 735 2534 totam
763 2498 905 2544 ubique
936 2497 1095 2537 indolis,
1146 2497 1329 2546 exemplis
1360 2497 1518 2532 astruere

228 2565 306 2587 non
337 2552 466 2593 datur,
504 2553 564 2589 [ed
590 2554 748 2589 invenio
768 2553 810 2587 iu
837 2554 961 2588 nostro
984 2553 1062 2600 ipso
1085 2552 1185 2588 loco.
1252 2552 1333 2588 Soli
1362 2553 1520 2588 varietas

954 2686 1087 2713 certam
1122 2698 1176 2707 --
1212 2681 1250 2715 ἰη
1291 2690 1374 2727 qua·
1430 2675 1518 2713 vide

287 2709 348 2737 12,
379 2698 519 2749 resolvi.
557 2700 602 2736 cf.
634 2706 669 2746 4,
692 2711 728 2742 2,
758 2711 817 2748 ²9·
900 2744 968 2769 not
1009 2733 1081 2770 crit
