1586 2990
205 213 299 257 5¹0
515 202 590 248 M.
624 203 755 249 FAB.
792 199 1199 262 QUINTILTANI

201 324 398 388 ginqua
435 323 773 377 similitudine
812 321 995 373 ductae
1007 339 1028 377 ε,
1073 333 1161 382 ut,
1195 322 1396 390 Capitis
1430 325 1503 373 ni·-

201 416 316 458 ves,
358 411 435 458 et,
1113 423 1115 425 >
1346 428 1348 430 ·

297 496 498 550 ,Iuppiter
525 496 717 537 hibernas
743 503 865 535 cana*
882 496 980 536 nive
1010 490 1202 556 conspuit
1232 495 1389 549 Alpes-³«-
1406 496 1434 555 ι’
1512 507 1586 547 755

202 595 263 644 In
291 595 385 642 illo
409 611 535 642 vero
556 594 850 660 plurimum
873 595 1080 651 erroris,
1107 594 1254 657 quod
1276 610 1348 652 ea,
1372 610 1506 658 quae

201 670 369 734 poetis
397 670 419 729 (
434 670 525 732 qui
551 679 602 716 et
625 670 801 718 onmia
823 668 887 718 ad
909 670 1231 734 voluptatem
1254 667 1507 728 referunt,

203 753 254 791 et
277 744 503 807 plurima
522 754 724 793 vertere
751 744 904 793 etiam
923 743 1030 811 ipsa
1049 745 1201 793 metri
1230 743 1507 794 neceffitate

203 821 495 882 coguntur)
525 817 761 884 permissa
791 817 936 876 sunt,
978 820 1259 869 convenire
1289 819 1506 884 quidam

139 908 189 947 ιε
205 894 359 942 etiam
393 893 572 958 prosae
601 903 796 959 putant.
875 896 942 943 At
968 911 1064 959 ego
1091 895 1150 943 in
1173 895 1373 960 agendo
1409 892 1505 943 nec

194 964 458 1035 pastorem
501 970 680 1034 populi
727 979 938 1019 auctore
976 973 1207 1019 Homero
1252 969 1504 1018 dixerim:

196 1060 295 1092 nec
327 1043 560 1093 volucres
583 1047 759 1107 pennis
783 1047 1068 1112 remigare.-
1105 1045 1226 1092 licet
1255 1045 1505 1109 Virgilius

196 1118 257 1165 in
297 1119 480 1181 apibus
523 1136 579 1166 ac
618 1118 848 1168 Daedalo
888 1117 1232 1182 speciofiffime
1270 1118 1330 1166 fit
1367 1118 1501 1167 usuS.

198 1193 512 1257 Metaphora
546 1194 686 1241 enim
720 1204 810 1241 aut
849 1203 1116 1241 vacantem
1145 1209 1395 1258 occupare
1424 1194 1503 1242 lo-

199 1282 322 1316 cum
360 1267 539 1326 debet,
573 1277 685 1326 aut,
725 1266 764 1316 fi
794 1268 853 1316 in
892 1269 1123 1316 alienum
1159 1269 1331 1334 veuit,
1380 1268 1529 1336 plus'

288 1430 351 1464 17·
388 1431 536 1459 vertere.
593 1422 724 1459 Tui-ic.
755 1422 857 1458 Flor.
889 1432 1019 1459 vetere.

287 1483 351 1520 18.
391 1481 522 1526 pennis
549 1481 738 1525 remigare.
797 1478 926 1512 Turic.
955 1477 1058 1513 Flor.
1077 1475 1184 1525 spere
1204 1474 1358 1525 sanare,
1390 1474 1458 1512 ille
1481 1489 1502 1511 a

198 1532 267 1567 sec.
291 1544 428 1567 manu:
463 1532 573 1580 spero
595 1533 731 1581 sonare
753 1545 790 1568 et
816 1535 863 1567 fic
892 1531 1018 1567 Guelf.
1069 1546 1133 1579 per
1151 1544 1191 1566 os
1203 1530 1335 1579 sonare
1354 1532 1412 1566 vel
1432 1530 1504 1566 alis

196 1588 377 1633 remIgare
410 1587 505 1623 Obr.
568 1588 736 1634 Conjicit
770 1590 900 1623 Burm.
929 1601 995 1634 per
1024 1593 1106 1622 azira
1136 1600 1242 1625 nare,
1282 1600 1344 1621 nec
1373 1588 1503 1632 pennis

196 1640 290 1685 (vel
311 1642 408 1688 alis)
440 1644 628 1690 remigare.
686 1643 800 1678 Possis
819 1642 980 1691 propius
998 1641 1211 1690 Virgilium
1237 1654 1303 1689 per
1330 1638 1501 1688 aestatem

196 1708 286 1731 nare
309 1705 346 1731 et
370 1699 560 1744 remigare.

277 1752 520 1798 Motaphora.
572 1752 701 1787 Turio.
733 1751 833 1787 Flor.
867 1753 914 1795 (a
931 1763 988 1800 pr.
1011 1751 1154 1794 manu)
1180 1757 1330 1786 metaro.
1386 1747 1458 1786 Ille
1479 1764 1500 1786 a

192 1804 264 1843 sec.
298 1814 410 1841 metro
441 1816 477 1841 et
500 1807 548 1841 fic
574 1805 699 1842 Guelf-

255 1936 317 1969 17.
360 1928 500 1975 Capitis
537 1928 647 1962 nives.
707 1926 820 1973 Quod
874 1925 1041 1966 „Gallici
1061 1926 1109 1960 fic
1131 1925 1282 1961 exorsus
1305 1926 1372 1960 est:
1404 1928 1499 1976 Jup-

193 1982 378 2017 Gesnerus
392 1983 512 2016 censet
530 1982 571 2016 in
593 1982 819 2022 oratoribus,
874 1981 1001 2028 „piter
1022 1980 1226 2016 hibernas“
1248 1991 1316 2015 cet.
1345 1981 1434 2017 vide
1453 1982 1498 2017 de

191 2049 271 2071 non
300 2036 342 2072 in
374 2038 519 2084 poetis,-
562 2048 651 2084 ergo
681 2049 749 2071 nec
779 2036 821 2070 in
877 2036 1009 2071 eodem
1038 2035 1253 2080 Bentlejum
1290 2035 1335 2070 ad
1364 2038 1498 2074 Horat.

191 2091 358 2126 Horatio
391 2092 542 2135 (carm.
566 2100 601 2133 4,
629 2100 689 2134 15,
717 2092 818 2134 ιι),
876 2093 947 2125 Sat.
976 2105 1008 2130 1,
1036 2103 1097 2129 10,
1121 2099 1184 2133 57.
1233 2090 1407 2126 Debebat
1434 2105 1498 2126 au-

193 2146 342 2193 culpari
364 2160 384 2180 a
414 2146 541 2181 nostro
575 2156 712 2180 tantam
741 2159 820 2181 me-
873 2155 949 2180 tem
977 2144 1098 2180 noster
1138 2144 1306 2180 sordium
1343 2157 1501 2193 quoquo

189 2200 336 2248 plion-ae
376 2201 593 2240 audaciam,
643 2201 820 2248 equidem
872 2200 1039 2234 incusare
1058 2199 1154 2234 hanc
1176 2199 1447 2247 metaphoram.

191 2267 271 2289 non
301 2255 487 2289 assentior.
529 2255 700 2291 Gallaeus
727 2258 819 2290 Pru-
928 2263 1074 2290 vertere.
1117 2253 1163 2288 cf.
1194 2253 1259 2289 hic
1286 2257 1319 2300 §.
1350 2265 1387 2290 2.
1431 2260 1495 2298 45.

193 2309 366 2344 dentium
415 2310 660 2350 demonstrat,
720 2310 819 2358 apud
880 2323 914 2349 ι,
938 2309 974 2348 6,
995 2315 1059 2351 58·
1090 2319 1126 2354 9,
1155 2321 1185 2347 ι,
1214 2322 1246 2343 1.
1270 2315 1331 2351 15.

192 2376 307 2411 quem
339 2364 388 2399 est
409 2366 536 2412 capitis
560 2366 622 2398 nix
643 2367 818 2403 Prooem.
934 2369 993 2406 18.
1030 2362 1204 2409 Virgilius
1233 2365 1271 2397 in
1300 2364 1428 2411 apibus
1452 2377 1496 2399 ac

192 2418 406 2454 Cathemer.
439 2432 478 2454 v.
499 2415 564 2462 27.
614 2420 747 2456 Versus
776 2420 817 2454 in
874 2417 1051 2453 Daedalo.
1096 2417 1235 2465 Georg.
1259 2423 1294 2461 4,
1317 2427 1380 2466 59.
1406 2427 1495 2453 nant

193 2485 273 2521 quo
320 2473 558 2522 conspuuntur
605 2473 720 2522 Alpes
769 2473 817 2508 est
872 2487 968 2520 apes,
998 2483 1034 2508 et
1054 2472 1212 2507 Aeneid.
1234 2471 1270 2512 6,
1300 2484 1359 2520 19.
1391 2472 1494 2507 remi-

191 2527 301 2564 Furii
337 2528 525 2565 Bibaculi.
564 2528 644 2564 vid.
681 2530 814 2564 Horat.
869 2530 971 2575 glum
991 2524 1131 2562 alarum
1159 2526 1328 2562 Daedalo
1356 2527 1493 2562 tribui-

145 2588 147 2593 '
193 2584 269 2618 Sat.
291 2593 327 2622 2,
351 2591 386 2625 5,
419 2589 482 2626 41.
514 2584 582 2619 ubi
614 2584 817 2619 Commen·⁴
871 2594 943 2617 tur.
980 2584 1147 2630 Apparet
1165 2581 1230 2616 hic
1249 2581 1408 2617 alterum
1430 2581 1492 2615 de·

193 2647 292 2672 tator
313 2648 422 2673 vetus
438 2639 621 2685 Cruquii:
651 2638 816 2678 „furius
870 2637 1041 2678 fidenti,
1081 2635 1139 2670 sed
1170 2636 1251 2671 sunt
1279 2636 1429 2684 vestigia
1449 2635 1491 2670 in

193 2691 424 2734 „Bibaculus
442 2693 484 2728 in
501 2694 708 2743 pragmatia
722 2692 816 2729 belli
869 2693 985 2728 variis
1008 2690 1107 2727 lectt.
1130 2702 1220 2740 quas
1243 2691 1288 2728 cf.
