1586 2990
269 115 434 164 ιΝεΤ.
477 95 754 162 onnon.
797 110 925 159 mn.-
951 108 1040 167 lx,
1072 116 1123 168 4.
1269 118 1366 168 537

45 243 273 315 pedibus
298 241 426 300 dixi,
453 241 629 308 aliqua
651 239 719 290 de
741 239 826 290 his
855 246 1095 304 quoque:
1133 254 1366 304 quorum

45 321 266 373 nomina
284 319 541 384 quoniam
564 336 599 368 v
602 319 707 367 aria
725 315 1021 374 traduntur,
1049 314 1370 366 constituen-

48 397 182 448 dum
208 394 296 453 est,
331 411 440 459 quo
465 411 732 461 quemque
755 394 1095 460 appellemus.
1153 397 1220 442 Et
1249 395 1370 459 qui-

48 474 171 523 dem
193 473 505 523 Ciceronem
535 470 736 535 sequar,
776 473 932 537 (nam
961 473 1006 520 is
1040 469 1370 520 eminentissi-

47 567 164 601 mos
201 551 519 599 Graecorum
571 548 643 596 est
682 546 922 612 secutus)
969 558 1182 614 excepto
1222 547 1370 614 quod

48 644 142 694 pes
175 625 312 676 mihi
335 627 429 675 tris
461 624 680 692 syllabas
710 642 822 675 non
849 624 1066 675 videtur
1093 624 1337 674 excedere
1354 642 1370 674 ε

133 801 299 851 pedibus.
341 801 474 838 'rm-ic.
504 800 607 838 Flor.
642 799 770 838 Guelf.
796 800 984 838 omittunt
1011 813 1099 836 cum
1129 799 1229 837 Alm.
1254 799 1374 836 Goth.

50 858 156 897 Vols.
181 867 215 893 2.
239 859 337 897 Jeus.
359 859 474 894 Tarv.
534 857 718 894 Nostrum
740 858 818 904 jam
846 858 977 906 Camp.
1008 857 1135 894 habet.
1191 857 1252 892 An
1273 856 1375 893 forte

52 928 100 951 ex
130 913 430 950 emendatione?
600 915 666 949 his.
720 914 783 949 Sic
813 915 946 951 Turio.
973 912 1077 949 Flor.
1106 912 1230 949 Guelf.
1256 911 1375 948 Goth.

54 973 150 1016 (tac.
180 969 318 1019 Gesn.)
347 972 477 1019 Camp.
531 970 690 1018 Reliqui
720 972 776 1006 iis.
1011 972 1197 1018 quoniam.
1242 969 1377 1006 Turio.

53 1026 166 1076 quod.
212 1025 316 1063 Flor.
350 1028 458 1076 quia,
498 1041 517 1062 a
539 1028 606 1062 sec.
636 1039 754 1061 manu
782 1040 875 1075 quae
906 1037 943 1062 et
977 1027 1027 1061 fic
1057 1025 1175 1062 Goth.
1206 1025 1311 1061 Voff.
1339 1036 1376 1060 2.

53 1096 164 1131 quam
185 1081 312 1118 Guelf.
335 1095 422 1118 cnm
444 1082 542 1119 Vall.
563 1085 608 1128 (a
631 1083 698 1118 sec.
722 1083 879 1130 quidem
899 1083 965 1117 hic
982 1095 1111 1122 manu,
1143 1092 1186 1116 ut
1204 1081 1377 1122 videtur,

53 1138 174 1186 quae)
202 1147 241 1173 et
268 1138 353 1173 edd.
384 1150 469 1174 ante
498 1138 586 1174 Ald.
618 1151 697 1174 exc.
729 1139 860 1187 Camp.
886 1140 1022 1174 Venet.
1065 1138 1136 1185 qui
1176 1137 1376 1173 omittunt.

50 1193 194 1230 Badius
215 1206 323 1242 quam
342 1206 414 1242 pro
442 1207 616 1244 perquam
640 1191 786 1230 dicium
809 1195 1024 1243 suspicatur.
1064 1193 1247 1230 Nostrum
1271 1192 1379 1228 dedic

51 1248 196 1296 Regius
225 1248 271 1284 de
299 1249 379 1285 suo.
609 1252 714 1285 varia
742 1251 836 1286 trad.
889 1251 952 1286 Sic
985 1249 1082 1288 Jens.
1116 1252 1214 1293 (tac.
1240 1249 1378 1292 Gesn.)

51 1316 142 1339 cum
168 1304 253 1341 edd.
277 1305 434 1355 posterr.
465 1315 549 1341 ante
577 1305 684 1341 Bam.
709 1320 788 1342 exc.
810 1308 947 1344 Venet.
994 1305 1068 1341 Sed
1091 1306 1222 1340 Turic.
1247 1304 1379 1340 inferit

54 1357 124 1408 est,
154 1374 175 1396 a
197 1361 266 1396 sec.
286 1374 404 1397 manu
430 1359 504 1411 effi>
532 1372 570 1397 et
596 1363 643 1397 fic
670 1361 817 1410 reliqui
844 1376 990 1399 omnes.
1048 1362 1180 1398 Nimis
1201 1360 1380 1410 displicet

51 1415 92 1451 11.
118 1415 145 1452 l.
170 1414 251 1466 effe.
304 1418 403 1453 Mox
431 1418 514 1466 post
542 1416 681 1464 constit.
713 1418 830 1455 Goth.
861 1419 1010 1455 omittit
1041 1416 1102 1465 est.

141 1474 172 1508 is
200 1474 370 1510 eminent.
428 1471 561 1510 Turio.
599 1474 727 1511 Guelf.
762 1475 934 1510 inserunt
961 1472 1103 1523 emv'ſj‘os
1141 1485 1229 1509 cum
1259 1472 1379 1508 Goth.

52 1528 157 1568 Voff.
171 1538 209 1565 2.
235 1530 509 1578 compendium
531 1543 619 1565 cnm
640 1530 900 1579 explanatione
919 1531 1101 1579 scriptura
1128 1530 1380 1575 conjunctum

53 1595 158 1622 reete
186 1585 394 1635 suspicatur
424 1587 622 1622 Gesnerus.
691 1594 696 1599 '
798 1601 876 1635 pes.
917 1587 1049 1622 Turio.
1081 1588 1125 1627 (a
1148 1587 1214 1620 sec.
1236 1585 1381 1632 manu)

55 1639 185 1679 Gueli.
217 1641 350 1692 Camp.
380 1643 478 1681 Jens.
503 1644 598 1687 (tac.
621 1643 756 1688 Gesn.)
779 1644 892 1691 pedes
917 1655 1004 1677 cum
1028 1642 1112 1677 edd.
1136 1652 1220 1676 ante
1243 1643 1378 1677 Burm.

79 1694 82 1696 v
141 1698 244 1733 mihi.
290 1699 352 1734 Sic
374 1699 506 1734 Turic.
529 1698 656 1735 Guelf.
678 1700 798 1736 Goth.
828 1699 925 1738 Jens.
949 1700 1048 1745 (tac.
1073 1697 1213 1745 Gesn.)
1244 1698 1376 1745 Camp-

57 1765 146 1791 cum
177 1753 261 1790 edd.
294 1765 379 1790 ante
409 1756 541 1790 Burm.
592 1755 751 1804 Reliqui
780 1756 979 1793 omittunt.

140 1811 206 1846 tris
223 1808 408 1859 syllabas.
467 1812 529 1847 Sic
558 1812 690 1847 Turio.
720 1811 822 1847 Flor.
851 1812 950 1857 (nisi
979 1810 1082 1858 quod
1110 1808 1377 1854 conjunctim)

55 1865 157 1903 Vall.
206 1865 438 1914 trissyllabus
464 1867 566 1903 Flor.
603 1869 650 1912 (a
679 1868 747 1909 fec.
778 1870 921 1910 manu)
979 1865 1213 1915 trissyllabos
1242 1864 1377 1899 Turio.

58 1920 124 1966 (ab
146 1921 244 1966 ead.)
275 1922 403 1958 Guelf.
451 1921 834 1971 τρισύλλαβος,(ὶοῑὶι.
866 1926 966 1968 (err.
990 1923 1126 1967 Gesn.)
1169 1919 1379 1969 trisallalzos

60 1977 193 2025 Camp.
243 1976 457 2026 trisyllabos
487 1979 585 2016 Jens.
620 1981 718 2023 (err.
742 1979 880 2022 Gelu.)
910 1991 998 2014 cum
1032 1978 1117 2013 edd.
1139 1987 1222 2011 ante
1243 1977 1378 2011 Burm.

60 2042 288 2081 quanquam*
308 2032 460 2081 aliquot
486 2046 684 2082 perperam
714 2033 802 2083 triſj‘.
840 2034 912 2077 (cf.
942 2047 972 2073 ι,
1002 2041 1038 2077 5,
1067 2035 1160 2077 51).
1218 2031 1382 2080 Reliqui

63 2097 135 2124 tres
153 2087 340 2136 syllabas.
397 2089 584 2136 Vulgata:
629 2091 739 2135 pedes
772 2091 860 2125 mihi
889 2089 1103 2138 trisyllabos
1133 2102 1208 2123 non
1235 2088 1381 2123 videtur

61 2145 232 2179 excedere
258 2155 408 2192 poterat
435 2145 590 2180 defendi
619 2147 686 2186 fic,
723 2156 768 2181 ut
787 2147 930 2182 videtur
952 2146 1041 2180 effet
1069 2157 1141 2194 pro
1169 2144 1302 2192 placet.
1332 2142 1379 2179 c-f.

63 2207 102 2243 5,
130 2212 193 2240 ιο,
219 2207 255 2244 5.
293 2201 388 2236 item
415 2200 612 2237 Drakenb.
643 2202 690 2236 ad
718 2203 805 2239 Liv.
836 2202 872 2243 6,
897 2203 960 2242 26,
986 2212 1023 2237 2.
1078 2201 1151 2236 Sed
1184 2199 1382 2236 obscurior

63 2266 162 2294 erat,
202 2269 441 2304 unoquoque
475 2257 618 2292 videtur
655 2259 825 2294 excedere
860 2269 1028 2294 tracturo
1063 2257 1107 2291 ad
1139 2257 1381 2296 Ciceronem,

62 2324 144 2348 non
173 2311 220 2346 ad
250 2311 293 2346 id
327 2313 433 2360 quod
462 2313 636 2349 statueret
665 2315 737 2361 Qu.
793 2316 844 2349 Et
868 2314 952 2350 satis
974 2314 1119 2348 nostrae
1148 2312 1300 2347 addicit·
1316 2324 1382 2347 ve-

67 2367 257 2404 tuffisfima
285 2367 481 2418 scriptura.
538 2369 682 2406 Eadem
721 2373 786 2406 eris
820 2371 1005 2419 [criptura
1037 2372 1070 2417 ᾗ.
1094 2375 1158 2414 8ο.
1185 2368 1256 2409 est,
1294 2380 1383 2403 nam

123 2496 250 2545 aliqua
271 2495 317 2531 de
351 2496 406 2530 his
427 2510 578 2546 quoque.
631 2497 695 2532 Est
805 2497 860 2533 Et
892 2498 1048 2548 quidem.
1092 2496 1211 2540 cf04,
1250 2509 1281 2535 1,
1318 2502 1382 2539 45.

69 2549 206 2600 ellipsis
237 2551 370 2587 similis
398 2551 462 2587 illi
484 2560 519 2596 5,
546 2560 607 2592 ιε,
629 2562 693 2597 25.
753 2554 978 2591 Ciceronem
1007 2553 1177 2601 sequitur
1215 2552 1384 2588 maxime

70 2615 106 2650 5,
130 2613 191 2651 ⁸4⁵
211 2615 276 2651 52.
297 2618 334 2645 et
351 2620 447 2645 mox
470 2618 559 2645 122.
589 2609 635 2645 cf.
660 2619 697 2646 et
750 2611 794 2647 in
815 2609 978 2647 Oratore
1003 2623 1034 2647 c.
1058 2609 1122 2658 64.
1149 2609 1214 2654 65.

74 2674 135 2712 19.
165 2671 231 2701 22.
