1586 2990
31 895 36 905 ’
97 886 248 926 natus
301 885 352 923 ze.

298 211 464 258 1NsT.
511 203 790 256 ORATOR.
833 209 959 255 Lm.
1007 209 1128 267 vn,
1179 223 1221 255 ι.
1371 220 1433 266 37

97 346 185 391 tus
215 336 322 404 est)
358 343 411 387 bt
444 335 668 402 pulchre
697 333 861 385 fuerit
901 351 1025 385 cum
1058 335 1299 393 materia,
1347 344 1434 384 tu-

21 419 24 424 ’
94 418 274 467 multu
294 425 346 464 et
368 414 594 463 clamore
616 418 942 462 transactum.
1000 412 1087 461 Illi
1117 429 1273 470 vem,
1311 413 1432 478 qui-

84 493 198 543 bus
218 490 552 558 propositum
587 489 806 555 quidem
833 490 1053 549 melius,
1094 488 1184 539 sed
1218 506 1341 538 cura
1371 490 1444 537 in

46 570 344 636 proximo
368 565 468 626 est,
506 566 633 615 haec
655 567 807 615 velut
839 568 1126 616 innatantia
1152 566 1455 623 videbunt,

10 659 94 701 9¹
96 641 421 717 Excusatum
442 639 546 717 effe
568 639 834 712 rusticum,
858 645 996 708 quod
1013 662 1111 694 non
1115 640 1388 714 inter-fuer
1390 646 1429 691 it
1445 651 1494 690 45

85 723 280 789 -judicio
295 759 310 780 ‚
340 719 465 770 nihil
486 720 764 770 collaturus
777 723 922 786 patri
929 740 946 770 .·
971 717 1079 794 sed
1100 739 1162 770 ne
1182 718 1428 793 dg'sertum

95 799 300 866 quidem
317 795 528 855 habere,
547 798 688 863 quod
707 801 920 862 imputet
938 815 965 846 r
966 817 1050 857 eo,
1082 817 1192 851 cum
1216 803 1258 847 is
1283 799 1428 847 dam-

428 875 673 944 Dignum
714 870 817 948 effe
854 873 1135 924 hereditate
1170 871 1428 944 restituto-

98 969 236 1013 rem3
268 967 517 1010 avarum,
568 953 806 1015 impium,
846 954 955 1019 ingr
959 962 1136 1011 atum,
1175 955 1265 1016 qui
1294 952 1430 1002 divi-

179 1113 216 1141 ει
242 1104 402 1153 pulchre.
462 1103 525 1139 Sic
553 1102 685 1140 Tui-ic.
728 1103 862 1152 Camp.
901 1115 991 1142 oum
1021 1102 1140 1139 Goth.
1169 1101 1270 1153 (qui
1301 1115 1429 1144 tamen

93 1161 215 1198 modo
240 1161 388 1197 omittit
406 1156 457 1208 est
475 1170 544 1195 tac.
568 1159 708 1203 Gefn.)
739 1170 777 1195 et
799 1159 883 1195 edd.
909 1170 995 1195 ante
1015 1159 1103 1195 Ald.
1130 1173 1208 1208 quo
1234 1173 1308 1195 acc,
1330 1160 1423 1196 Bad.

47 1262 53 1267 ·
95 1218 208 1254 Gefm
254 1216 414 1265 Reliqui
445 1224 505 1257 ut,
546 1214 746 1264 (quorum
776 1226 812 1250 ct
844 1216 1002 1261 Guelf.)
1047 1215 1145 1253 male
1185 1216 1426 1258 dirimentes.

93 1286 164 1310 nec
184 1272 423 1323 parenthefin
444 1273 688 1320 agnoscentes
716 1270 831 1320 (nam
854 1292 910 1303 —·-
930 1269 1021 1317 est.)

177 1331 348 1366 clamore.
408 1327 525 1365 Goth.
557 1327 656 1373 (tac.
686 1329 825 1376 Gesn.)
854 1331 1022 1368 ιιιαεονία,

179 1387 267 1423 haec
294 1385 406 1428 velut.
465 1385 596 1420 ‘rm-ie.
626 1385 753 1421 Guelf.
785 1393 822 1422 et
844 1400 879 1421 v.

181 1449 245 1487 45.
289 1442 388 1490 quod
409 1455 483 1476 non
503 1439 625 1489 interf.
685 1443 741 1477 lta
760 1441 892 1477 Tui-ic.
925 1443 1057 1490 Camp.
1091 1454 1179 1477 cum
1202 1454 1322 1490 marg.
1343 1440 1423 1476 Bar.

95 1497 258 1547 Reliqui
278 1499 339 1545 qui
359 1512 394 1532 n.
417 1494 721 1545 1'.refiit.
742 1511 843 1533 avar.
898 1498 962 1534 Sic
983 1498 1114 1533 Turic.
1135 1497 1262 1533 Guelf.
1291 1499 1423 1545 Camp-

98 1567 188 1591 eum
207 1554 308 1590 Alm.
334 1563 370 1588 et
391 1553 475 1588 edd.
499 1564 584 1589 ante
606 1552 756 1602 Gry.ph
789 1566 869 1589 exc.
890 1554 1035 1594 Badio.
1067 1554 1138 1602 qui
1162 1554 1323 1590 inseruit
1350 1566 1424 1587 non

97 1623 147 1648 ex
175 1610 275 1652 Vall.
303 1608 457 1658 astipule
452 1619 526 1645 nte
560 1609 677 1645 Goth.
702 1620 740 1647 et
758 1595 947 1660 reliquis.
991 1610 1174 1651 Veterem
1195 1611 1426 1662 scripturam

96 1666 255 1703 reduxit
278 1664 372 1702 Obr.
434 1666 480 1702 cf.
510 1671 556 1710 4,
589 1677 635 1706 2,
666 1677 730 1714 29.

153 1815 232 1838 cum
251 1803 406 1837 materia
424 1820 481 1829 —·
500 1809 734 1838 transactum.
792 1813 965 1840 orantem
995 1800 1074 1851 ipse
1098 1799 1279 1850 agnoscit.
1302 1797 1364 1835 ⁴0f.
1388 1802 1426 1846 4,

101 1858 347 1907 Transigendi
377 1869 421 1894 ut
463 1869 501 1894 et
541 1858 736 1895 decidendi

97 1914 263 1951 verbum
286 1925 362 1950 tam
384 1914 487 1964 apud
504 1915 734 1951 Ciceronem

64 2012 69 2019 1
99 1982 216 2019 quam
237 1970 339 2019 apud
369 1971 602 2007 recentiores
618 1971 735 2018 finire

102 2024 307 2073 fignificat,
338 2027 515 2072 adjuncta
534 2026 734 2063 notatione

102 2079 270 2116 libenter
302 2080 434 2129 aliquo
463 2082 624 2130 negotio
655 2092 736 2116 tan-

104 2135 192 2170 dem
224 2135 478 2184 defungentis.
539 2140 738 2172 structura

103 2191 222 2231 varia,
253 2201 290 2226 et
309 2204 397 2227 cum
418 2193 631 2229 accusativo
650 2193 738 2240 jun-

67 2268 70 2271 ·
102 2247 220 2301 gendi
241 2258 278 2282 et
307 2247 519 2283 adhibendi
550 2250 738 2297 praepost-

104 2303 229 2338 tiones
243 2317 321 2338 cum
331 2303 396 2339 vel
406 2304 461 2338 de.
483 2305 658 2340 tumultus
669 2304 738 2339 ille

105 2369 142 2394 et
161 2359 316 2400 clamor,
346 2371 480 2394 utrum
512 2360 659 2409 agentis
693 2362 738 2395 fit

104 2427 152 2449 an
188 2415 462 2456 audientium5‘
496 2416 602 2451 nulla
636 2426 738 2452 certa

105 2480 196 2505 nota
238 2482 413 2519 apparet3
464 2486 589 2520 neque
632 2473 738 2509 enim

103 2524 240 2562 sufficit
278 2527 385 2574 quod
415 2529 624 2569 Geffierus,
675 2542 738 2564 au-

106 2581 252 2617 dientes
270 2583 296 2618 fi
325 2582 496 2631 intelligi
517 2585 735 2626 debuerint,

107 2639 202 2672 inter
256 2638 449 2674 tumultum
506 2641 738 2689 scripturum

106 2693 217 2729 fuisse
262 2695 335 2741 Qu.
377 2695 509 2732 censet.
566 2696 739 2732 Plerum-

110 2762 183 2799 que
204 2750 398 2787 clamorem
411 2751 480 2788 effe
499 2750 742 2789 laudantium

793 1870 815 1895 2
832 1887 841 1900 ‚
870 1869 935 1904 57.

845 1913 1074 1965 propositum
1095 1933 1151 1940 --
1179 1912 1326 1951 melia-v,
1359 1909 1430 1958 qui

790 1984 871 2007 non
891 1973 977 2007 sunt
990 1971 1036 2006 de
1048 1982 1211 2005 numero
1225 1977 1428 2018 corrupto·

791 2040 880 2063 rum
904 2038 941 2062 et
962 2026 1123 2075 speciosa
1145 2023 1265 2060 modo
1289 2024 1428 2059 sectan-

793 2083 905 2123 tium,
927 2083 985 2118 sed
1009 2082 1140 2117 volunt
1158 2082 1300 2129 optima
1320 2090 1430 2128 quae·

792 2151 873 2186 que.
902 2138 951 2173 cf.
974 2149 1020 2178 2,
1042 2143 1088 2180 4,
1118 2137 1179 2172 16.

850 2207 935 2229 cura
973 2195 1011 2227 in
1041 2195 1213 2241 proximo
1246 2187 1309 2238 est.
1341 2215 1366 2230 ,‚
1382 2187 1431 2224 ad

794 2249 1010 2298 „proxima
1044 2259 1193 2284 tantum
1236 2259 1273 2283 et
1311 2245 1430 2282 obvia

794 2332 819 2348 ‚,
832 2305 1009 2354 pertinet.
1025 2309 1049 2325 ‘⁸
1107 2305 1306 2341 Gesnerus.
1351 2347 1354 2349 ,

849 2362 1070 2397 innatantia.
1101 2387 1124 2403 ‚,
1141 2361 1187 2396 cf.
1214 2374 1277 2401 10,
1301 2370 1338 2404 7,
1362 2365 1427 2403 28.

793 2444 818 2460 „
833 2420 1006 2454 innatans
1023 2417 1092 2453 illa
1104 2417 1316 2453 verborum
1338 2415 1429 2450 faci-

794 2473 917 2516 „litas
951 2474 994 2510 in
1022 2473 1145 2509 altum
1176 2473 1392 2508 reducetur.
1405 2477 1431 2492 ‘⁶

794 2532 1052 2566 Burmannus.

853 2593 916 2630 45.
948 2586 1302 2633 avarum—qui—
1325 2584 1431 2620 nolit.

794 2642 931 2678 Priora
945 2643 1016 2678 tria
1027 2641 1215 2679 vocabula
1233 2642 1318 2677 sunt
1326 2654 1435 2690 prae-

798 2698 921 2734 dicata
944 2699 1115 2746 subjecti,
1129 2697 1235 2746 quod
1249 2698 1297 2733 est
1308 2697 1349 2732 iu
1375 2698 1437 2745 qui

799 2755 972 2794 -nolit5
980 2755 1208 2792 subauditur
1220 2765 1346 2790 autem
1356 2752 1437 2804 effe.
