1586 2990
178 179 279 222 106-
468 177 542 224 Μ.
582 177 714 224 FAB.
763 174 1168 240 QUINTILtANt

172 301 331 349 cenda
346 339 360 359 ‚
396 301 459 350 'ad
483 306 628 362 cujus
648 301 781 350 forte
807 300 1027 364 quadam
1048 305 1288 355 venimus
1316 323 1459 356 men·

170 378 393 434 tionem,
432 376 519 426 sed
544 387 647 424 erat
678 375 860 424 ordine
891 378 1156 440 proximus
1188 381 1346 431 locus.

264 532 344 578 IV.
377 528 463 577 Est
489 537 659 575 autem
679 526 893 589 qualitas
916 527 1012 574 alia
1046 527 1111 576 de
1138 508 1343 582 ‘summo
1373 547 1460 596 ge·

165 621 314 661 nere,
355 615 510 666 atque
534 618 591 649 ea
628 600 843 663 quidem
870 619 978 651 non
1005 602 1229 668 fimplex.
1305 606 1460 663 Nam,

164 690 215 727 et
234 680 396 744 qualis
421 677 480 725 fit
501 680 751 740 cujusque
769 677 845 723 rei
870 687 1051 726 natura
1065 715 1078 735 ,
1116 689 1166 727 et
1198 696 1328 743 quae
1350 679 1461 728 for-

116 761 135 772 ·“
161 772 268 811 ma,
314 753 604 817 quaeritur:
663 751 754 800 An
792 753 1082 801 immortalis
1121 756 1322 811 anima?
1365 755 1458 804 An

159 829 378 877 humana
396 824 572 899 specie
604 826 787 874 Deus?
834 836 885 874 et
916 826 982 874 de
1011 829 1369 893 magnitudine
1399 847 1457 878 ac

157 921 410 960 numero,
473 904 705 975 Quantus
729 897 855 972 sol?
911 903 1003 952 An
1044 916 1175 952 'unus
1213 905 1457 952 mundus-2

159 983 302 1047 Quae
337 979 511 1027 omnia
549 981 841 1036 conjectura
874 977 1088 1041 quidem
1124 979 1457 1042 colliguntur,

157 1052 508 1116 quaestionem
530 1063 700 1100 tamen
725 1051 916 1099 habent
935 1053 993 1099 in
1021 1069 1084 1102 eo
1098 1089 1112 1111 ‚
1134 1053 1307 1118 qualia
1313 1050 1457 1123 sint?

119 1138 143 1166 2
160 1133 295 1176 Haec
309 1129 428 1176 etin
449 1126 685 1177 suasoriis
706 1127 905 1174 tractari
926 1125 1105 1185 solent,
1125 1139 1198 1186 ut,
1222 1127 1258 1175 fi
1277 1127 1456 1198 Caesar

155 1204 419 1261 deliberet,
451 1204 541 1252 An
566 1204 878 1252 Bribanniam
902 1205 1185 1271 impugnet,
1224 1221 1356 1267 quae
1371 1200 1540 1273 sit524

158 1281 345 1330 Oceani
385 1278 607 1327 natura?
653 1295 718 1326 an
754 1279 1018 1325 Britannia
1057 1274 1254 1348 itfitla?
1299 1279 1455 1345 (nam

151 1366 267 1404 tum
306 1351 680 1420 ignorabatur)
722 1363 912 1417 quanta
947 1355 996 1400 in
1034 1371 1097 1403 ea
1132 1356 1310 1403 terra?
1354 1371 1453 1418 quo

235 1503 403 1556 quadam.
460 1506 588 1541 Turio.
620 1502 744 1539 Guelf.
768 1505 895 1550 Camp.
927 1503 1039 1539 Goth.
1071 1503 1165 1541 Jens.
1197 1500 1293 1551 (tac.
1317 1502 1454 1551 Gefn.)

151 1565 296 1613 quidem
335 1575 421 1598 cum
451 1562 553 1601 Voff.
584 1571 620 1596 2.
655 1570 692 1594 et
732 1559 814 1593 edd.
854 1569 935 1593 ante
965 1558 1050 1593 Ald.
1091 1559 1268 1594 Correxit
1295 1558 1450 1606 Regini.

151 1620 198 1654 cf.
224 1625 265 1661 4,
299 1629 347 1658 2,
383 1617 446 1653 66.
657 1612 728 1662 sed
756 1622 843 1650 erat.
902 1613 962 1648 Sic
994 1614 1122 1650 Turio.
1152 1615 1199 1658 (a
1222 1627 1278 1661 pr.
1310 1613 1454 1660 manu)

151 1674 266 1710 Goth.
298 1677 394 1717 (tac.
417 1671 551 1712 Gesn.)
582 1683 667 1706 cnm
697 1669 798 1704 Voss'.
832 1680 865 1703 2.
895 1668 1051 1715 Reliqui
1079 1669 1246 1704 inserunt
1268 1677 1313 1703 et.

236 1735 280 1771 4,
316 1740 348 1762 ι.
392 1726 483 1775 sol?
510 1726 581 1763 An.
639 1724 767 1759 Turic.
801 1722 923 1758 Guelf.
956 1725 1084 1770 Camp.
1114 1724 1283 1758 inserunt
1301 1732 1336 1758 et
1363 1736 1452 1760 cum

148 1784 251 1821 Voff.
283 1794 319 1818 2.
361 1792 397 1816 et
427 1781 510 1815 edd.
542 1790 626 1814 ante
653 1777 740 1813 Ald.
773 1778 915 1825 Regius
941 1778 1137 1825 expunxit.
1167 1778 1281 1814 Goth.
1310 1779 1450 1814 habere

145 1851 223 1874 non
253 1837 419 1873 videtur.
544 1841 549 1843 ⁴

157 1931 161 1933 Α
229 1904 263 1937 2,,
302 1889 444 1939 suasor.
474 1897 574 1926 tract.
633 1888 694 1925 Sic
717 1888 844 1922 Turic.
867 1887 990 1925 Guelf.
1021 1889 1150 1935 Camp.
1178 1901 1265 1923 cum
1286 1888 1389 1925 Voss',
1410 1898 1448 1927 2.

148 1948 264 1982 Goth.
286 1946 379 1982 Obr.
399 1944 556 1991 Reliqui
578 1943 748 1977 inserunt
770 1943 980 1991 aliquando.
1129 1944 1165 1976 in
1185 1956 1227 1977 ea
1245 1951 1348 1977 terra.
1369 1942 1447 1977 Tu-

145 1997 214 2038 rio.
243 2003 289 2046 (a
309 2015 366 2050 pr.
387 2000 528 2043 manu)
559 2000 582 2033 i.
603 2011 633 2034 e.
658 1999 694 2032 in
716 2005 739 2032 t.
796 1995 975 2034 Francius
996 1999 1103 2049 prius
1132 2010 1285 2048 quoque
1317 1999 1354 2032 ἱη
1382 2009 1446 2032 ex-

145 2069 316 2110 pungere
344 2054 474 2094 malit,
502 2053 650 2092 fortaffe
679 2066 758 2089 non
790 2052 899 2088 male.

204 2179 249 2226 4⁴,
275 2196 308 2217 1.
333 2181 393 2218 An
412 2178 700 2227 humanaspecie
718 2197 770 2209 -ι

145 2250 235 2272 unus
274 2236 436 2271 mundus.
493 2235 539 2271 cf.
579 2245 623 2279 7,
651 2242 675 2277 3
689 2260 699 2275 ‚
733 2240 767 2277 5.

145 2302 191 2337 7,
224 2302 269 2331 2,
301 2291 338 2326 6.

199 2357 234 2382 2.
258 2345 390 2394 solent.
419 2345 510 2401 Non
525 2342 661 2378 dubito
675 2342 769 2389 quin

134 2399 235 2450 solet:
263 2403 305 2436 fit
340 2399 615 2448 reponendum.
671 2397 767 2432 Sub-

138 2458 281 2502 ]'ectum
302 2455 457 2503 quidem
479 2452 629 2491 nullum
642 2452 766 2501 aptius

139 2511 340 2546 sententiae
362 2522 475 2556 quam
498 2508 656 2555 qualitas
676 2507 764 2554 ipsa.

199 2573 272 2599 tum
286 2564 532 2612 ignorabatur.
564 2561 766 2598 Confiden-

141 2630 198 2655 ter
217 2619 268 2654 ita
289 2619 399 2665 loqui
417 2627 566 2666 poterat
586 2618 658 2665 Qu'.
680 2629 767 2652 cum

143 2684 226 2712 ante
266 2673 428 2712 Caesaris
482 2671 766 2721 expeditionem

826 2191 938 2215 nemo
959 2178 1192 2216 Britanniam
1212 2178 1446 2226 exploraffet‚

823 2234 1061 2270 Phoenicum
1136 2233 1446 2280 navigationibus

826 2289 894 2324 diu
923 2287 1062 2323 omiffis
1084 2297 1121 2322 et
1150 2300 1284 2335 parum
1316 2289 1446 2335 cogni·

824 2343 884 2378 tis.
941 2341 1044 2389 Quid
1074 2342 1195 2389 igitur
1221 2343 1297 2391 ipse
1319 2343 1448 2378 Caesar

823 2398 866 2432 B.
879 2398 922 2433 G.
944 2396 969 2432 l.
986 2403 1007 2439 4
1031 2407 1068 2431 et
1088 2403 1121 2438 5.
1144 2397 1188 2432 de
1210 2397 1337 2433 eadem
1357 2410 1446 2446 pro·

827 2453 909 2492 dat,
940 2463 1016 2499 quo
1039 2452 1195 2487 nomine
1226 2451 1355 2488 haeret
1382 2451 1448 2487 hio

821 2492 1071 2546 lim-mannus,
1096 2505 1196 2540 nihil
1212 2506 1257 2540 ad
1277 2506 1445 2541 nostrum

820 2561 962 2596 locum.
1039 2561 1142 2607 Quid
1181 2560 1284 2608 quod
1322 2559 1445 2595 Taciti

821 2616 941 2663 (Agr.
975 2629 1005 2651 c.
1042 2615 1130 2662 ιο.)
1161 2615 1269 2650 etiam
1302 2614 1442 2652 Dionis

823 2671 934 2708 Caffii
953 2673 1015 2721 (p.
1036 2680 1126 2714 217.
1147 2670 1294 2714 Reim.)
1324 2678 1443 2706 aetate
