1586 2990
342 192 502 238 1Ns'r.
551 191 828 269 onnon
866 191 1002 236 Lm:
1035 191 1152 249 vn,
1198 203 1245 237 α.
1399 190 1463 251 69

132 313 236 378 ret,
272 330 470 368 emtum.
551 320 749 368 Nonne
766 327 872 366 tota
905 317 971 366 lis
1001 315 1197 366 constat
1228 315 1456 386 duarum
1474 334 1525 369 27

132 395 404 447 causarum
448 396 865 461 comparatione,
915 404 967 442 et
1006 397 1304 455 conjectura
1357 393 1458 442 du·-

130 474 260 540 plici
281 483 434 539 atque
462 471 663 522 diversa
676 474 699 520 2
737 475 880 541 Quae
901 482 1079 521 autem
1100 468 1457 520 accusantium

131 566 189 599 ac
206 549 624 608 defendentium,
650 548 832 598 eadem
843 551 1138 616 petentium
1158 558 1209 596 et
1227 545 1459 596 infitian-

129 627 266 676 tium
300 628 432 676 ratio
460 625 545 676 est.
623 627 853 676 Ducitur
888 629 1185 687 conjectura
1219 626 1460 692 primum

127 720 164 752 a
190 707 499 767 praeteritis.
576 706 638 752 In
667 703 752 753 his
787 701 908 752 sunt
932 698 1208 774 personae,
1256 697 1459 774 causae,

126 777 347 852 consilia.
410 782 550 830 Nam
574 781 618 830 is
639 779 773 830 ordo
797 779 870 828 est
885 818 899 839 ,
934 790 997 829 ut
1008 777 1200 850 facere
1219 779 1459 836 voluerie,

123 859 378 920 potuerit,
413 852 624 927 secbrit.
703 857 938 926 Ideoque
983 856 1304 906 intuendum
1340 866 1458 905 ante

128 933 334 992 omnia,
383 935 553 998 qualis
591 933 673 991 fit,
725 933 791 982 de
830 951 938 998 quo
975 934 1160 998 agitur.
1241 931 1456 982 Accusa-
1473 947 1524 986 23

124 1011 254 1059 toris
282 1019 458 1059 autem
484 1009 557 1057 eft
579 1009 806 1068 efficere,
846 1020 932 1067 ut,
971 1007 1008 1056 fi
1032 1009 1163 1074 quid
1193 1009 1458 1071 objecerit,

122 1103 236 1136 non
266 1084 437 1136 solum
467 1096 623 1152 turpe
656 1086 744 1144 fit,
792 1085 882 1134 sed
914 1086 1072 1134 etiam
1107 1086 1347 1144 crimini,
1389 1086 1457 1135 de
1500 1123 1510 1138 .-

51 1163 56 1167 ”
103 1179 233 1226 ..quo
267 1161 339 1212 est
369 1162 653 1224 judicium,
697 1180 855 1229 quam
891 1164 1117 1211 maxime
1158 1164 1453 1228 conveniat.

121 1240 288 1298 Nam,
336 1239 374 1288 fi
401 1257 542 1288 ream
567 1242 762 1299 caedis,
789 1241 1110 1304 impudicam
1141 1240 1230 1290 vel
1255 1239 1458 1289 adulte-

124 1333 237 1365 rum
285 1327 462 1376 vocet,
510 1317 679 1366 laedat
723 1317 943 1383 quidem
978 1315 1222 1366 infamia:
1271 1319 1455 1367 minus

122 1403 297 1442 tamen
320 1394 426 1443 hoc
444 1393 511 1443 ad
532 1393 694 1443 fidem
713 1396 911 1452 valeat,
945 1411 1102 1459 quam
1129 1393 1164 1442 fi
1190 1394 1453 1452 audacem,

119 1471 432 1534 petulantem
449 1508 463 1528 ,
513 1471 812 1530 crudelems
835 1468 1161 1519 temerarium
1213 1470 1455 1520 ostende-

122 1547 205 1595 rit.
284 1549 536 1604 Patrono,
584 1546 621 1595 fi
652 1546 768 1596 fieri
802 1548 1062 1614 potuerit,
1100 1547 1158 1595 id
1186 1547 1449 1613 agendum
1467 1570 1518 1608 29

87 1621 220 1680 'est,
257 1633 319 1672 ut
351 1624 551 1686 objecta
582 1625 671 1673 vel
707 1635 890 1690 neget,
929 1625 1017 1673 vel
1048 1623 1322 1685 defendat,
1363 1624 1453 1672 ve‘l

119 1699 338 1749 minuat.
378 1702 683 1766 proximum
716 1700 814 1760 eft,
853 1711 915 1750 ut
940 1718 969 1749 a
1002 1700 1261 1768 praesenti
1285 1718 1454 1767 quae-

209 1875 272 1909 27.
320 1881 363 1902 ac
383 1867 458 1915 def.
516 1868 579 1904 sic
599 1841 731 1904 'rufi-ic.
765 1868 892 1904 Guelf.
926 1867 1349 1913 c0t11.v(ta0.eefi;.)
1375 1869 1450 1905 Re-

122 1921 224 1971 liqui
243 1932 352 1973 atque
373 1924 410 1960 d.
643 1926 813 1960 voluerit.
877 1926 1011 1960 Turic.
1040 1925 1172 1971 voluit.

206 1999 271 2036 28.
316 1993 361 2026 de
380 2005 453 2042 quo
480 1989 541 2040 efi.
600 1992 796 2030 Ultimum
828 1994 975 2029 omittit
994 1994 1126 2028 Turic-
1158 1995 1292 2043 Camp-

206 2047 344 2083 laedat.
389 2048 507 2083 Goth.
530 2051 618 2093 (tac.
640 2050 768 2097 Gesn.)
789 2050 888 2085 ledet
916 2063 1004 2084 cum
1022 2050 1127 2088 Voff.
1149 2059 1185 2084 Ω.
1218 2051 1264 2086 ef.
1290 2049 1355 2086 26.
1379 2059 1446 2093 5¹·

208 2124 272 2163 29.
308 2118 482 2163 potuerit.
526 2119 583 2152 Ita
605 2118 736 2154 Turic.
767 2118 894 2154 Guelf.
916 2117 1034 2153 Goth.
1065 2118 1162 2155 Jens.
1185 2117 1285 2166 (tac.
1311 2119 1447 2162 Gesn.)

115 2184 212 2209 acum
247 2171 352 2208 Voss'.
385 2180 420 2207 2.
454 2171 550 2208 Obr.
574 2184 611 2208 et
645 2174 730 2208 edd.
761 2184 846 2209 ante
877 2174 966 2209 Bad.
1006 2172 1168 2208 Omittit
1198 2175 1362 2211 Patrono
1392 2193 1448 2202 —-

119 2228 283 2276 potuerit
300 2228 446 2276 Camp.
485 2228 645 2278 Reliqui
673 2232 825 2278 poterit.
882 2229 930 2265 cf.
958 2233 992 2277 ᾗ.
1014 2238 1081 2265 22.

119 2349 247 2386 Techti
290 2352 344 2386 uti
370 2349 536 2399 serviret.
602 2353 753 2389 Haereo
868 2363 932 2398 27.
962 2358 1072 2402 ‘atque
1091 2352 1246 2403 diversa.
1290 2354 1351 2388 An
1369 2353 1447 2389 fuit

121 2411 312 2455 praeterea
356 2406 399 2442 iu
449 2420 546 2444 voce
597 2409 752 2444 alienae.
811 2423 924 2458 eaque
956 2408 1130 2458 diversa?
1171 2409 1356 2461 quoniam
1390 2418 1446 2444 at-

123 2461 257 2514 thaiis
295 2463 346 2498 est
387 2463 570 2504 „familia
607 2465 754 2501 venalis
811 2480 880 2515 qua
906 2477 991 2501 ante
1021 2467 1302 2502 consonantem.

120 2543 143 2558 ,‚
157 2517 340 2553 aliena?“
358 2521 450 2556 Non
470 2519 592 2567 igitur
611 2521 670 2556 sui
685 2521 755 2557 do·
865 2536 922 2570 pe
914 2521 1044 2571 vsonae
1066 2542 1115 2550 —
1137 2520 1321 2571 confilia
1340 2522 1445 2563 Haec

115 2574 234 2615 ‘mini,
273 2587 293 2608 a
321 2587 399 2622 quo
440 2586 520 2610 erat
547 2577 752 2612 manumis-
808 2578 882 2614 nia
913 2578 959 2612 ad
989 2578 1105 2613 solam
1134 2578 1324 2613 voluntate
1307 2591 1362 2613 »m
1384 2578 1446 2612 vi-

121 2627 211 2665 sus?
242 2629 315 2665 Sed
338 2630 395 2664 id
393 2630 482 2666 hue
510 2631 668 2680 quidem
698 2633 751 2668 fa·
810 2634 950 2669 dentur
968 2634 1209 2683 spectare,1i
1236 2634 1322 2682 quis
1354 2647 1445 2669 con-

120 2698 205 2721 cele
234 2698 315 2722 non
342 2686 509 2724 videtur,
558 2690 635 2726 An
675 2700 754 2726 erat:
804 2689 963 2736 ferat§.
995 2696 1057 2735 44.
1085 2690 1155 2726 ubi
1177 2689 1447 2737 eI't,‚Exc11ffa

120 2742 263 2778 alicui?
810 2754 886 2794 „pr
889 2760 969 2781 msa
989 2759 1057 2796 pa]
1061 2758 1101 2783 te
1128 2759 1175 2782 em
1199 2747 1367 2783 voluerit.
1381 2751 1406 2771 ‘⁴
