1586 2990
297 206 460 265 ms‘r'.
493 210 777 277 onnon.
819 176 1074 267 141n.=1x,
1113 223 1157 257 1.
1293 220 1387 267 331

64 353 418 412 iteranturque
453 341 643 403 verba,
704 351 796 391 aut
834 329 1066 389 breviter
1081 339 1393 387 commutata

58 434 348 492 ponunt-ur.-
389 434 484 474 aut
505 419 570 472 ab
595 421 768 472 eodem
790 415 947 469 verbo
965 417 1166 465 ducitur
1170 412 1392 488 saepius

63 505 256 561 oratio,
298 512 406 551 aut‘
427 503 478 550 in
503 500 634 549 idem
656 496 942 563 conjicitur,
982 503 1391 557 aut'utrumque:

62 589 157 631 aut
178 577 486 650 adjungitur
504 579 635 627 idem
655 580 910 632 iteratum,
944 582 1037 622 aut
1055 572 1186 620 idem
1209 571 1282 619 ad
1301 587 1391 619 eoc-

64 664 281 707 t'remum
315 652 580 726 refertur.-
633 664 725 704 aut
757 654 1063 703 continenter
1093 666 1245 698 unum
1268 663 1391 697 ver-

62 731 181 784 bum
215 744 314 783 non
344 737 395 782 in
423 734 601 782 eadem
625 727 879 804 sententz'a
897 732 1134 794 ponitur:
1165 735 1258 775 aut
1279 742 1392 775 cum

48 808 294 885 similiter
318 811 409 860 vel
437 811 628 860 cadunt
654 806 845 866 verba,
887 806 977 857 vel
1005 793 1261 878 desinunt:
1301 812 1393 852 aut
1406 813 1457 853 59

63 888 237 938 multis
279 889 440 938 modis
480 889 748 938 contrariis
779 885 947 935 relata
977 885 1262 934 contraria.-
1302 890 1395 929 aut

63 971 176 1014 'cum
223 966 493 1035 gradatim
533 960 750 1037 sursum
793 957 977 1034 versus
1020 961 1242 1010 reditur.-
1302 967 1396 1008 aut

63 1052 189 1092 cum·
206 1043 385 1092 demtis
399 1073 402 1076 «
417 1037 839 1106 conjunctionibus
866 1034 1105 1113 diffolute
1129 1036 1290 1102 plura
1318 1035 1396 1083 di-

63 1126 272 1168 fflntu'r:
318 1129 411 1172 aut
454 1136 567 1168 cum
597 1118 798 1182 aliquid
823 1125 1237 1182 praetereuntes,
1302 1127 1394 1161 cur

29 1209 35 1215 ·
62 1189 422 1266 idfaciamus,
461 1196 794 1246 ostendimus:
831 1204 925 1242 aut
949 1210 1060 1241 cum
1087 1192 1394 1260 corrigimus

59 1283 252 1340 nosmet
273 1268 435 1345 ipsos,
475 1269 623 1345 quast
645 1270 1094 1337 reprehendentes.-
1135 1278 1230 1318 aut
1237 1263 1294 1340 si
1314 1261 1394 1335 est

56 1347 241 1415 aliqua
271 1350 574 1399 exclamatio
615 1348 704 1400 vel
753 1349 1106 1397 admirationis
1151 1345 1241 1396 vel
1280 1361 1396 1393 con-

64 1421 374 1494 questionis.-
434 1437 526 1475 aut
574 1444 686 1475 cum
734 1425 958 1491 ejusdem
996 1425 1208 1473 nominis
1248 1416 1398 1492 casus

15 1510 53 1556 57
53 1497 272 1574 saepius
331 1514 715 1552 commutantur.
814 1504 1190 1552 Sententiarum
1243 1515 1396 1548 orna-
1409 1512 1460 1552 40

64 1589 235 1628 menta
278 1580 483 1644 majora
496 1576 656 1653 sunt.-
714 1577 894 1645 quibus
924 1581 1047 1645 quia
1066 1570 1395 1649 frequentis-

49 1651 189 1727 sime
232 1654 610 1726 Demosthenes
654 1660 839 1716 utitur,
885 1653 1018 1729 sunt
1070 1658 1159 1721 qui
1194 1663 1393 1718 putent,

64 1715 239 1782 iccircb
274 1733 382 1798 ejus
414 1734 750 1801 eloquentiam
786 1737 1007 1784 maxime
1037 1729 1140 1807 effe
1160 1727 1394 1780 laudabi-

63 1809 174 1858 lem.
250 1810 532 1862 Enimvero
573 1812 740 1862 nullus
765 1809 898 1882 fere
932 1809 996 1860 ab
1029 1829 1086 1860 eo
1120 1811 1257 1859 locus
1273 1804 1394 1880 fine

62 1887 289 1948 quadam
311 1886 718 1958 conformatione
724 1886 1017 1962 sententiae
1052 1889 1262 1936 elicitur.-
1304 1901 1394 1933 nec

63 1961 210 2011 aliud
253 1966 534 2030 quidquam
582 1964 662 2035 est
712 1969 904 2023 dicere,
961 1961 1055 2036 nist
1095 1980 1263 2013 omnes
1300 1971 1394 2010 aut

63 2049 199 2088 certe
228 2039 506 2107 plerasque
544 2043 722 2108 aliqua
749 2038 920 2113 specie
959 2041 1246 2090 illuminare
1266 2034 1394 2111 sen-

148 2149 408 2201 iteranturque.
467 2151 600 2188 Turic.
632 2151 681 2198 (a
702 2165 758 2201 pr.
782 2150 932 2200 manu)
962 2149 1066 2187 Flor.
1092 2150 1282 2186 omittunt
1310 2162 1393 2199 que.

62 2204 139 2242 sed
178 2205 303 2242 taedet
339 2205 613 2243 leviffimarum
654 2209 696 2244 in
735 2208 992 2245 Ciceroniano
1026 2206 1114 2243 Ioco
1145 2207 1392 2245 varietatum,

65 2261 169 2309 quas}
187 2261 230 2297 in
257 2263 354 2299 meis
376 2262 488 2299 libris
511 2264 656 2302 oblatas
677 2266 878 2301 Ciceronis
900 2265 1043 2300 editori
1065 2263 1169 2299 haud
1187 2262 1392 2299 invidebo.
1414 2304 1417 2306 ,

64 2316 252 2353 Referunt
273 2332 336 2354 eae
356 2320 399 2355 in
421 2320 578 2369 lingulis
601 2323 779 2370 geminos
793 2322 889 2358 suna.

151 2383 215 2417 40.
256 2388 385 2412 comm.
427 2377 587 2414 Sentent.
645 2379 776 2414 Turic.
818 2380 949 2428 Camp.
985 2377 1157 2414 inserunt
1186 2377 1258 2413 vel.
1286 2373 1392 2412 Alm-

66 2428 140 2464 Sed
172 2442 260 2464 cum
278 2431 360 2467 Cic.

148 2487 274 2522 utitur.
320 2489 452 2526 Turic.
482 2489 531 2537 (a
560 2505 617 2541 pr.
650 2493 799 2539 manu)
824 2501 958 2528 natatus.
990 2504 1038 2526 ex
1058 2488 1161 2525 Alm.
1183 2496 1319 2524 utatur·

143 2540 346 2579 Enimvero
361 2546 492 2581 nullus.
546 2549 676 2585 Turio,
709 2549 835 2586 Guelf‚
877 2548 933 2584 Ec
960 2561 1045 2584 vero
1074 2554 1110 2581 et
1139 2559 1172 2579 n.
1197 2558 1286 2579 cum
1309 2544 1390 2580 Cic·

65 2595 137 2634 Ille
170 2612 189 2633 a
220 2599 288 2635 see.
317 2614 433 2637 mauu
464 2604 651 2640 et‘millus
679 2617 716 2642 et
747 2608 794 2642 fic
827 2604 939 2641 Bodl.
973 2604 1048 2640 Sed
1081 2601 1164 2638 edd.
1188 2611 1274 2637 ante
1297 2599 1390 2636 Bad.

64 2661 103 2689 tt
120 2667 203 2691 vere
223 2670 259 2691 n.
274 2669 354 2693 exe.
376 2659 507 2708 Camp.
531 2671 568 2696 et
581 2661 668 2699 Ald.
691 2663 762 2711 qui
782 2672 818 2698 et
838 2675 974 2698 veron.

121 2751 186 2789 58.
218 2745 374 2782 breviter
391 2759 624 2787 commutata.
653 2753 699 2787 In
754 2751 895 2788 incidit
914 2750 1093 2788 Ernestus
1111 2750 1240 2787 leviter
1263 2761 1290 2784 c.
1314 2747 1393 2783 sua·

67 2800 223 2836 eandem
245 2804 412 2840 Gesnero
437 2808 697 2852 conjecturam
756 2809 861 2849 dens,
891 2809 1100 2845 immemor
1120 2817 1212 2843 tunc
1234 2804 1361 2841 amici.
