1586 2990
223 157 316 201 323
509 149 583 193 M.
631 128 763 194 m.
812 118 1220 209 QUINTILIANJ

225 267 542 338 significandi
581 273 764 336 gratia,
799 269 887 318 sed
925 268 990 318 ad
1027 269 1311 320 ornandam
1339 268 1520 328 modo,

165 358 215 394 40
231 361 341 393 non
359 342 649 410 'aagendam
676 347 963 412 orationem
984 342 1319 394 affumuntur.
1363 349 1523 394 Ornat

233 421 382 489 enim-
416 426 637 474 ἐπίθετον,
701 421 854 484 quod.<¹
890 430 1026 468 recte
1061 420 1282 469 dicimus
1326 417 1526 490 apposi-

232 505 362 542 tum.-
434 511 459 540 a
479 494 749 544 nonnullis
766 493 989 566 sequens
1008 495 1212 544 dicitur.
1298 498 1374 544 Eo
1403 499 1528 559 poe-

233 579 312 618 tae
334 580 383 616 et
401 567 730 631 frequentius
752 582 802 619 et
819 572 1035 620 liberius
1055 580 1291 620 utuntur.
1366 571 1530 618 Nam-
1582 601 1586 608 ‹

206 690 209 695 s
235 661 335 709 que
359 645 464 693 illis
487 644 601 694 satis
623 644 694 693 eft
714 649 996 696 convenire
1015 647 1203 703 verbo,
1250 632 1337 694 cui
1372 659 1533 710 appo-

234 825 336 862 Alm.
377 828 571 875 promitur
611 828 687 877 ipsa
728 831 850 865 nostra
891 830 1126 878 transpositio
1165 827 1232 862 τοῖν
1275 831 1312 863 ni
1328 845 1340 864 ι
1371 837 1407 864 et
1432 827 1535 864 nihil.

238 882 312 924 (cf.
336 885 367 928 §.
390 889 452 926 58.
475 883 564 930 42.)
591 884 754 932 Vulgata
775 886 824 920 est
847 899 865 919 a
887 886 1001 932 Regii
1022 885 1260 930 conjectura,
1291 897 1404 932 quam
1430 882 1538 930 equi·
1578 916 1581 918 ,

240 936 325 971 dem
347 940 424 972 no‘n
443 937 563 986 magis
584 953 696 987 quam
721 941 901 975 Gesnerus
920 953 1048 975 veram
1075 939 1260 974 existimo.
1311 939 1431 974 media
1459 938 1538 977 ista,

239 991 282 1025 in
306 992 453 1038 quibus'
473 995 515 1027 fit
546 995 631 1028 usus
661 994 923 1042 metalepseos,
955 995 1024 1029 effe
1045 1007 1113 1042 per
1137 1007 1230 1041 quae
1253 994 1430 1028 transitus
1463 991 1538 1032 fiat,

241 1046 350 1081 velut
379 1046 477 1082 illud
505 1048 567 1082 seu
591 1058 696 1083 canto
727 1051 789 1083 seu
822 1063 940 1089 cano,
982 1050 1065 1084 satis
1096 1057 1269 1097 appalet,
1314 1059 1385 1084 nee
1409 1054 1539 1090 tamen

243 1100 453 1147 quidquam
486 1102 575 1136 inde
597 1102 693 1138 lucis
715 1104 921 1151 dispicitur.
982 1104 1077 1149 Quis
1098 1103 1197 1138 enim
1221 1102 1539 1150 intelligat-usum

245 1155 315 1189 effe
359 1156 461 1203 tropi
507 1157 702 1202 cujusdam
733 1159 773 1192 in
805 1171 872 1198 eo,
923 1158 1026 1204 quod
1057 1157 1160 1205 tiopi
1192 1151 1410 1192 decimandi‘
1436 1155 1540 1191 causa

243 1208 339 1245 foris
360 1210 568 1251 arceffitur,
598 1225 667 1247 nee
685 1223 837 1260 apparet
856 1226 1027 1260 usquam,
1061 1214 1086 1247 fi
1101 1223 1232 1259 tropus
1253 1212 1328 1260 ipse
1349 1211 1534 1274 ponitur·
1518 1207 1540 1230 ⁹

252 1263 341 1312 Usus
368 1264 432 1299 hic
460 1266 580 1312 potest
609 1266 677 1301 effe
698 1266 850 1306 nullus,
877 1268 944 1302 nifi
968 1267 1035 1313 qui
1055 1266 1240 1301 conducat
1259 1266 1424 1305 oratori,
1458 1266 1485 1300 i.
1509 1277 1542 1299 e.

246 1329 293 1354 ut
317 1319 593 1355 demonstretur
614 1320 722 1356 locus
743 1320 894 1368 aliquis,
908 1322 977 1356 ubi
1003 1331 1105 1355 certo
1127 1330 1238 1368 tropo
1259 1320 1370 1368 possit
1394 1319 1453 1354 uti
1463 1331 1544 1354 ora-

248 1383 312 1408 tor
337 1386 422 1408 cum
456 1375 705 1422 persuadendi
735 1386 770 1411 et
798 1375 979 1411 vincendi
1009 1375 1239 1421 adjumento,
1317 1373 1550 1420 Cuiusmodi.

249 1440 337 1463 cum
357 1428 458 1463 nihil
479 1429 569 1464 hinc
594 1442 766 1470 eruatur,
797 1444 948 1466 ornnem
967 1430 1175 1466 verborum
1198 1430 1413 1466 nostrorum
1433 1429 1550 1464 inter-

248 1484 501 1531 pretationem
532 1483 683 1532 despero
705 1497 742 1521 et
762 1486 985 1532 despondeo.
1202 1485 1402 1519 ornandam
1429 1484 1549 1519 modo.

249 1538 380 1573 Turio.
411 1538 512 1574 Flor.
544 1540 668 1576 Guelf.
702 1542 903 1576 ornandum
926 1540 1059 1575 omiffo
1083 1540 1214 1580 modo,
1249 1539 1352 1587 quod
1371 1539 1551 1587 ignorant

254 1602 292 1628 et
310 1591 424 1628 Goth.
449 1594 552 1632 Voff.
567 1605 601 1630 2.
623 1595 723 1630 Alm.
746 1597 873 1643 Camp.
895 1609 981 1630 curu
1002 1595 1180 1629 edd.ante
1202 1594 1285 1629 Ald.
1306 1607 1399 1629 mox
1419 1607 1553 1641 augen-

253 1648 340 1682 dum
368 1661 522 1696 quoque
553 1649 680 1685 Guelf.
710 1661 753 1685 ut
781 1651 821 1685 in
853 1661 1014 1697 utroque
1039 1650 1132 1684 Obr.
1155 1662 1270 1696 prava
1304 1649 1556 1684 affectatione.

255 1702 386 1750 Camp.
411 1703 486 1738 hoc
506 1715 696 1752 praeterea
717 1706 821 1752 quod
843 1705 972 1738 inserit
984 1705 1032 1738 aaz
1044 1714 1127 1738 ante
1142 1717 1224 1750 aug.
1255 1704 1316 1738 De
1336 1704 1401 1739 suo
1413 1703 1555 1751 Regius

255 1757 406 1791 addidit
439 1759 574 1797 modo,·
611 1770 710 1795 recte
743 1759 831 1800 ille,
875 1759 934 1793 sed
961 1759 1119 1794 debebat
1148 1757 1310 1792 viciffim
1338 1770 1556 1806 expungere

256 1824 352 1851 non,
383 1822 419 1847 et
438 1813 614 1860 copulam
640 1814 866 1861 adjungere,
893 1814 959 1848 fic:
991 1813 1191 1847 ornandam
1221 1813 1330 1847 modo
1361 1821 1396 1846 et
1423 1825 1557 1859 augen-

261 1867 359 1901 dam.
414 1869 475 1903 De
508 1881 582 1903 non
611 1879 648 1904 et
680 1869 787 1904 modo
819 1869 864 1903 cf.
887 1867 922 1908 6,
946 1877 982 1912 3,
1004 1877 1068 1910 71.
1097 1881 1226 1902 ornare
1258 1877 1294 1902 et
1315 1881 1446 1914 augere
1466 1867 1557 1900 sem-

258 1934 329 1970 per
350 1922 577 1969 copulantur
599 1919 826 1967 συνωνύμως,
858 1935 1044 1970 nusquam
1069 1932 1335 1970 opponuntur,
1369 1921 1474 1970 quod
1495 1920 1561 1956 vel

260 1976 402 2011 Lexiea
425 1977 627 2013 docebunt.
684 1978 861 2013 Scabrum
885 1978 1000 2012 fuerit
1024 1987 1061 2012 et
1077 1977 1230 2011 infantis
1261 1977 1471 2026 scriptoris,
1500 1975 1562 2011 bis

263 2043 406 2079 ponere
439 2045 533 2073 non,
573 2032 685 2068 semel
718 2033 762 2068 ad
787 2033 931 2082 figffl'sss
919 2033 1043 2072 candi,
1089 2032 1230 2066 iterum
1258 2031 1304 2066 ad
1344 2031 1560 2078 aagendam.

266 2086 444 2121 Ceterum
466 2086 707 2136 significandi
735 2089 832 2124 icfei·
862 2087 907 2122 ad
935 2090 967 2134 §.
994 2086 1029 2122 6.
1053 2086 1121 2122 ubi
1142 2087 1316 2128 xecenset,
1349 2084 1565 2136 quotuplex

265 2141 311 2175 fit
329 2142 414 2177 usus
438 2153 650 2190 tioporum.

354 2221 415 2258 4ο.
449 2217 609 2253 dicimus.
640 2219 702 2254 Sic
725 2231 867 2258 omnes,
896 2219 1008 2254 etiam
1033 2219 1140 2252 MSS.
1163 2227 1246 2254 ante
1264 2215 1373 2251 Leid.
1397 2227 1566 2263 quocum

269 2269 498 2307 recentiores
519 2272 686 2308 diximus.
717 2274 778 2309 Sic
798 2273 958 2310 vicissim
981 2286 1015 2320 9,
1039 2282 1075 2316 4,
1101 2275 1193 2307 ⁴122.
1222 2271 1351 2320 Camp.
1389 2271 1568 2314 „dicimus

272 2325 424 2360 testes.“

360 2394 459 2417 conv.
499 2382 622 2420 verbo.
681 2383 810 2418 Turic.
861 2385 898 2427 (a
931 2395 988 2431 pr.
1022 2381 1157 2431 manu)
1191 2381 1293 2417 Flor.
1322 2380 1490 2416 inserunt
1530 2377 1571 2414 iel

275 2447 362 2471 cum
395 2437 496 2474 Alm.

330 2571 593 2619 ornandam—
609 2574 822 2623 augendam.
846 2573 893 2609 cf.
1003 2578 1066 2615 4ο.
1099 2569 1312 2622 appositum·
1342 2568 1388 2607 cf.
1410 2568 1508 2604 dicta
1526 2565 1573 2603 ad

274 2637 354 2662 not.
384 2627 466 2667 crit.
954 2633 991 2671 8,
1014 2636 1050 2671 5,
1075 2635 1138 2663 20.
