1586 2990
249 213 343 268 366
512 208 530 217 ²
557 183 634 260 Μ.
667 174 805 261 ΕΑΒ.
835 214 1239 268 Qum-rmum
1271 244 1276 246 -

247 347 466 402 apparet.
542 339 656 386 Nec
687 348 919 387 mutatur
947 339 1212 388 vocabulis
1234 340 1316 390 vis
1350 345 1547 389 rerum.

209 415 324 469 8Et,
362 411 489 461 ficut
509 413 762 471 homines,
801 412 838 461 fi
862 413 1004 463 aliud
1029 425 1347 479 acceperunt,
1383 431 1540 480 quarn

232 487 392 551 quod.
419 488 725 545 habuerant,
764 504 982 546 nomen,
1018 488 1319 538 iidenssunt
1337 499 1541 538 tamen:

232 562 312 609 -ita
336 562 473 619 haec,
513 562 578 610 de
598 563 788 626 quibus
809 564 1094 628 loquimur,
1122 564 1225 614 five
1250 567 1400 627 tropi,
1435 563 1539 612 [ive

229 635 452 706 figurae
481 635 744 696 dicentur,
780 638 921 686 idem
945 638 1182 688 efficient.
1241 641 1370 688 Non
1399 641 1540 687 enim

97 734 116 746 ν
240 712 544 761 nominibus
566 712 795 778 prosunt,
817 712 904 762 sed
924 711 1218 763 effectibus:
1250 725 1325 771 ut,
1345 711 1540 782 statum

235 786 643 849 conjecturalem,
686 806 751 837 an
776 788 1058 857 infitialem,
1094 807 1158 838 an
1178 786 1344 858 sacti,
1384 806 1450 837 an
1476 789 1540 835 de
1566 824 1568 829 .

224 857 521 931 substantia
557 865 913 922 nominemus,
958 865 1095 913 nihil
1132 863 1364 921 interest,
1411 863 1539 911 dum
1575 898 1577 901 .

202 935 378 990 9idem
404 939 584 1001 quaeri
614 937 839 988 sciamus.
918 942 1190 1006 Optimum
1221 935 1344 1004 erg'o
1374 939 1431 986 in
1456 938 1538 986 his

235 1009 383 1075 sequi
421 1014 642 1061 maxime
679 1026 906 1079 recepta,
945 1025 996 1063 et
1023 1033 1134 1064 rem
1171 1014 1356 1079 ipsam,
1403 1028 1533 1078 quo·
1545 1028 1586 1066 75

237 1102 447 1150 cunque
472 1089 813 1152 appellabitur
834 1090 1011 1147 modo,
1043 1091 1344 1153 intelligere.
1394 1087 1534 1136 Illud
1559 1090 1566 1101 '

234 1170 404 1209 tamen
429 1163 732 1220 notandum,
769 1166 906 1212 coire
929 1164 1228 1228 frequenter
1245 1164 1301 1211 in
1326 1161 1531 1211 easde'm

231 1234 503 1285 sententias
543 1248 595 1286 et
627 1240 783 1300 τρόπον
818 1250 868 1286 et
892 1238 1146 1307 figuram.
1224 1241 1353 1286 Tam
1389 1238 1527 1285 enim
1559 1278 1563 1280 .

230 1312 489 1360 translatis
530 1314 730 1369 verbis,
789 1329 943 1377 quam
983 1315 1232 1377 propriis,
1281 1310 1530 1376 figuratur

163 1392 219 1437 ἰο
232 1387 414 1433 oratio.
464 1386 548 1434 Est
572 1398 745 1436 autem
765 1404 875 1436 non
898 1388 1173 1436 mediocris
1200 1389 1335 1435 inter
1357 1395 1531 1434 aucto-

230 1477 313 1508 res
352 1459 614 1519 dissensio,
665 1473 715 1511 et
748 1479 879 1528 quae
912 1465 991 1512 vis
1029 1464 1256 1512 nominis
1297 1465 1429 1522 ejus,
1480 1470 1530 1517 et

231 1546 361 1598 quot
396 1553 607 1601 genera,
645 1548 695 1586 et
721 1555 876 1603 quae,
915 1555 1071 1603 quam
1107 1538 1403 1601 multaeque
1433 1534 1530 1583 fint

314 1684 349 1721 3.
372 1676 461 1726 sunt
485 1687 613 1715 tamen.
670 1680 799 1716 Turio.
825 1680 868 1729 se
899 1689 1035 1720 tamen,
1074 1693 1092 1715 a
1123 1681 1190 1717 sec.
1221 1692 1337 1714 manu
1360 1676 1398 1728 fi
1425 1674 1473 1724 est
1500 1683 1526 1711 t-

231 1732 361 1780 Camp.
378 1732 457 1782 sinc
485 1743 509 1769 t.
665 1734 745 1783 five
766 1735 927 1782 figurae.
970 1736 1077 1770 Prius
1110 1735 1256 1770 omittit
1278 1733 1406 1768 Turic.
1429 1746 1449 1766 a
1468 1744 1523 1779 pr.

228 1798 356 1820 manu.
536 1789 707 1825 dicentur.
760 1790 889 1824 Turic.
920 1791 1082 1824 dicuntur
1111 1802 1198 1825 cum
1226 1788 1327 1823 Alm.
1355 1787 1450 1825 Je'ns.
1490 1797 1527 1822 et

229 1841 312 1878 edd.
334 1843 488 1889 posterr-
510 1854 593 1879 ante
611 1843 697 1879 Ald.
729 1844 795 1892 qui
817 1846 980 1879 dicantur
1010 1856 1046 1879 et
1072 1847 1118 1879 fic
1138 1846 1265 1891 Camp.
1292 1854 1376 1877 cum
1397 1840 1522 1876 Colin.

304 1895 422 1943 facti,
451 1911 498 1934 an.
517 1899 559 1933 de
574 1896 685 1947 subst.
727 1900 787 1933 Sic
808 1901 937 1948 Camp.
958 1912 1044 1934 cum
1065 1899 1179 1934 Goth.
1201 1897 1300 1934 Voss‘.
1319 1905 1354 1931 2.
1384 1895 1419 1943 s.
1445 1896 1524 1930 dem

227 1965 262 1986 a.
283 1951 317 1985 d.
333 1950 366 1999 s.
395 1953 524 1987 Turic.
555 1966 641 1988 cum
668 1953 767 1988 Alm.
824 1953 895 1989 Ille
924 1968 943 1989 a
969 1954 1034 1989 see.
1055 1966 1170 1990 manu
1197 1953 1310 1988 dicem
1329 1963 1399 1999 pro
1429 1951 1521 1986 dem.

227 2006 352 2042 Guelf.
369 2005 404 2053 f.
427 2022 460 2042 a.
474 2005 676 2056 substantia
695 2023 741 2043 an
763 2010 797 2043 d.
819 2008 852 2056 s.
885 2022 971 2044 cum
993 2009 1095 2047 Voff.
1120 2019 1155 2052 5.
1195 2008 1226 2055 f.
1248 1997 1523 2054 ansultflarztfa-

225 2061 297 2095 lem
317 2076 348 2096 a.
370 2062 404 2097 d.
421 2062 454 2110 s.
484 2064 580 2100 Jens.
604 2074 691 2100 cum
716 2064 798 2098 edd.
830 2075 913 2099 ante
935 2063 1020 2099 Ald.
1070 2064 1226 2111 Reliqui
1238 2061 1272 2108 f.
1293 2075 1339 2096 an
1359 2059 1523 2108 [αἶψὶαη-

225 2118 299 2150 tiae
321 2131 355 2151 α.
382 2117 416 2152 «l.
437 2115 471 2165 s
688 2119 724 2154 cl.
757 2119 850 2154 idem
882 2121 1015 2167 quaeri.
1066 2118 1195 2154 Turio.
1224 2118 1259 2152 d.
1290 2116 1314 2150 i.
1336 2122 1519 2164 quaerunt.

224 2170 354 2219 Camp.
385 2173 419 2206 d.
449 2170 546 2220 quod
573 2172 596 2206 ἰ.
626 2186 659 2221 q.

306 2237 341 2272 9.
373 2226 582 2274 intelligere.
634 2228 694 2262 Sic
714 2226 842 2262 Turio.
857 2227 985 2275 Camp.
1002 2228 1157 2276 Capper.
1180 2240 1267 2262 cum
1281 2226 1396 2262 Goth.
1417 2221 1517 2261 Alm.

220 2279 331 2315 Bodl.
363 2279 471 2316 Colb.
504 2282 604 2319 Voss'.
627 2293 662 2317 2.
691 2282 808 2317 Andr.
838 2282 924 2317 ΑΜ.
958 2283 1141 2331 probante
1171 2294 1240 2317 nec
1271 2293 1394 2316 tamen
1422 2281 1518 2316 reci·

219 2336 347 2383 piente
378 2335 483 2370 Gesn.
535 2336 691 2383 Reliqui
727 2337 894 2383 intelligi.
1115 2338 1206 2372 Tam
1233 2339 1338 2372 enim.
1387 2335 1517 2371 Turic-

222 2391 350 2439 Camp.
385 2390 568 2425 omittunt
596 2393 699 2427 enim.
749 2388 849 2427 Voss'.
879 2406 911 2427 ι.
939 2403 1010 2440 pro
1041 2403 1084 2426 eo
1107 2394 1155 2428 in.

309 2458 368 2483 10.
402 2453 436 2479 ec
456 2458 565 2491 quae,
605 2459 710 2492 quam
740 2446 950 2494 multaeque.
997 2447 1126 2482 Turio.
1147 2461 1176 2482 e.
1198 2460 1232 2495 q.
1255 2445 1367 2480 multa
1389 2455 1514 2492 aeque,

219 2513 239 2535 a
262 2501 326 2535 sec.
351 2513 466 2535 manu
486 2513 517 2537 e.
536 2513 568 2547 q.
588 2515 699 2550 aeque
716 2501 838 2535 mulca.
877 2501 958 2535 Alii
977 2500 1086 2536 aliter
1108 2502 1148 2536 in
1169 2501 1230 2536 his
1252 2499 1422 2535 minutis.

269 2615 306 2653 8.
326 2606 464 2656 flatum
481 2608 762 2652 conjecturalem.
789 2609 834 2645 cf.
891 2613 1019 2646 oratio.
1060 2608 1105 2645 cf.
1131 2612 1164 2655 ᾗ.
1187 2617 1223 2652 7.

214 2673 252 2707 5,
277 2665 312 2704 6,
341 2671 402 2705 15.
425 2672 488 2709 59-
953 2679 1013 2702 ιο.
1044 2666 1197 2700 nominis
1218 2661 1294 2708 ejus
1315 2661 1342 2697 i.
1359 2674 1391 2697 ι.
1408 2659 1510 2709 fign-

272 2729 306 2766 9.
348 2719 438 2754 Tam
467 2719 562 2754 enim
580 2738 632 2746 -—
646 2716 836 2769 figuratur
890 2732 962 2756 rae.
