1586 2990
332 220 496 269 1NsT.
546 216 824 265 ORATOR.
864 215 988 262 Lm.
1024 216 1142 272 vn,
1177 222 1224 274 4.
1353 228 1446 271 υς,

112 351 402 413 ἀντέγκλημα
430 346 641 402 dicitur,
677 343 802 409 quia
821 341 993 394 omnis
1015 340 1189 392 nostra
1211 340 1446 392 defensio

46 415 50 419 ⁴
114 425 312 477 constat
332 429 444 487 ejus
465 419 806 479 accusatione,
830 420 925 486 qui
943 418 1256 474 vindicatur.
1305 420 1449 470 Occi-

99 500 201 577 sus
221 499 316 572 est',
335 497 443 573 sed
464 501 597 553 latro
610 517 631 560 ;
670 507 888 556 exectus,
906 493 1015 568 sed
1033 507 1229 562 raptor.
1289 496 1376 546 Est
1398 506 1448 544 et
1463 510 1484 547 9

114 581 206 629 illa
227 597 291 628 ex
316 577 476 628 causis
505 575 629 626 facti
650 575 802 625 ducta
830 573 1088 633 defenfio‚
1125 574 1296 640 priori
1321 591 1449 623 con-

115 657 286 713 traria,
326 656 384 704 in
414 671 518 720 qua
541 670 716 718 neque
740 651 938 700 factum
967 649 1144 716 ipsum
1168 668 1263 716 per
1283 650 1351 710 se,
1386 661 1448 699 ut

114 735 173 782 in
195 731 428 782 absoluta
454 729 773 795 quaestione,
810 727 1144 786 defenditur3
1189 744 1357 794 neque
1383 744 1450 776 ex

115 811 379 859 contrario
421 807 582 866 fact03
645 805 734 855 sed
780 822 842 854 ex
877 801 1053 870 aliqua
1097 805 1324 853 utilitate
1361 816 1451 854 aut

24 904 104 941 626
117 886 463 952 reipublicae,
526 894 617 933 aut
649 883 936 932 hominum
985 881 1310 940 multorum,
1358 872 1452 930 {rut

116 966 272 1013 etiam
299 961 463 1028 ipsius
498 958 804 1016 adversarii,
846 975 1238 1024 nonnunquam
1273 970 1324 1007 et
1353 977 1453 1008 no-

113 1040 230 1098 stra,
268 1038 305 1087 sl
325 1038 489 1088 modo
514 1037 571 1085 id
598 1037 711 1094 erit,
751 1034 896 1100 quod.
914 1033 1084 1083 facere
1106 1034 1281 1084 nostra
1302 1034 1453 1084 causa

113 1115 191 1166 fas
224 1113 309 1166 fit:
359 1113 506 1182 quod
537 1113 633 1162 sub
658 1113 881 1162 extrario
907 1109 1203 1160 accusatore
1236 1123 1289 1161 et
1321 1113 1452 1176 legi-

115 1193 216 1245 bus
255 1203 438 1260 agente
470 1188 708 1259 prodeffe
734 1205 1012 1257 nunquam
1040 1187 1235 1255 potest,
1273 1190 1332 1241 in
1355 1188 1454 1240 do-

200 1393 354 1422 exectus.
404 1383 536 1420 Turic.
565 1381 692 1420 Guelf.
717 1383 849 1431 Camp.
872 1390 1083 1418 excaecatus
1102 1394 1190 1419 cum
1203 1380 1316 1419 Alm.
1336 1377 1453 1417 Bodl.

116 1441 276 1483 Vols-¹2.
299 1439 418 1477 Goth.
441 1451 478 1475 et
498 1439 582 1476 edd.
606 1451 691 1475 ante
711 1438 862 1487 Gryph.
902 1441 949 1474 In
967 1440 1142 1487 margine
1163 1439 1322 1489 quidem
1341 1434 1453 1471 Bafil.

119 1497 305 1531 nostrum.
347 1495 589 1534 Vei-iffimam
613 1497 744 1530 censeo
768 1494 1098 1534 emendationem,
1141 1495 1249 1539 cujus
1270 1493 1314 1528 fit
1344 1491 1454 1538 igna-

119 1562 208 1591 rus,
250 1551 320 1586 nifi
359 1551 460 1587 forte
499 1550 720 1591 Philandri,
760 1550 822 1585 sed
859 1550 1018 1585 nomine
1056 1549 1265 1599 suppress'o.
1312 1547 1453 1586 Vidor.

121 1608 301 1652 (1558.)
329 1615 507 1642 executus.
797 1650 800 1653 Δ

208 1675 244 1710 9.
272 1663 392 1711 priori
412 1672 525 1698 contr.
578 1663 640 1698 Sic
663 1674 699 1699 et
718 1662 851 1699 Turic-
871 1676 891 1698 a
910 1675 969 1711 pr.
990 1675 1118 1698 manu.
1148 1661 1208 1698 Ab
1229 1660 1346 1696 altera
1367 1659 1455 1708 qui·

122 1718 210 1754 dem
230 1719 363 1757 inserit
385 1716 447 1767 est,
479 1733 568 1755 cum
590 1719 718 1756 Guelf.
744 1720 876 1768 Camp.
899 1717 1004 1758 Voff.
1029 1730 1066 1755 2.
1090 1717 1208 1754 Goth.
1232 1718 1330 1757 Jens.
1355 1714 1456 1764 (tac.

122 1775 258 1820 Gesn.)
289 1776 404 1811 Tarv:
629 1790 672 1811 ex
703 1774 840 1825 aliqua.
899 1774 1032 1811 Turio.
1053 1773 1181 1810 Guelf.
1204 1775 1335 1822 Camp.
1359 1775 1397 1807 in
1422 1786 1458 1807 a.

83 1829 88 1834 ’
123 1831 211 1866 cum
238 1830 341 1868 Alm.
369 1832 474 1871 Voss'.
489 1843 525 1868 2.
551 1832 669 1869 Goth.
691 1843 728 1869 et
750 1832 835 1868 edd.
857 1841 942 1867 ante
963 1830 1050 1867 Ald.
1092 1828 1274 1867 Correxit
1297 1829 1457 1877 Regius.

207 1889 379 1923 extrario.
431 1888 564 1925 Turio.
596 1888 644 1938 (a
671 1890 740 1925 sec.
777 1890 924 1934 manu)
965 1896 1141 1924 extraneo
1166 1911 1168 1914 >
1190 1899 1279 1923 cum
1321 1887 1455 1934 Camp-

125 1942 253 1981 Guelf.
275 1954 314 1979 et
334 1954 394 1980 tot
414 1944 513 1981 aliis.

184 2083 406 2138 α’ντέγκλ.
429 2108 486 2117 —-
503 2091 602 2138 quia.
634 2089 681 2125 Id
702 2089 762 2139 ip-

128 2141 209 2176 sum
231 2145 282 2180 ost
309 2146 391 2190 ejus
422 2146 645 2183 affumtivae
676 2159 762 2181 cau-

127 2197 184 2232 sae
209 2197 345 2246 speciei
366 2211 508 2234 nomen
529 2202 763 2235 techni-tum.

126 2254 362 2288 Accusantur
389 2255 492 2289 enim
522 2253 764 2302 Clytaemne-

127 2309 210 2350 stra,
241 2309 348 2345 soror
380 2311 549 2352 Horatii,
581 2311 743 2347 Clodius
753 2324 763 2351 ;

124 2376 199 2411 ¹net:
219 2364 369 2407 refert,
420 2367 526 2414 quod
559 2379 660 2403 nova
692 2379 762 2416 po-

130 2430 275 2456 nuntur
331 2422 503 2469 ejusdem
564 2422 759 2472 exempla:

132 2476 249 2516 latro,
287 2487 425 2526 raptor.
501 2479 646 2515 Eadem
704 2478 763 2515 οἶν-

131 2531 383 2579 τε-γκλῆματος
403 2534 579 2573 definitio
601 2536 651 2572 est
663 2536 766 2586 apud

131 2587 420 2637 Hermogenem
446 2605 485 2640 p.
514 2601 574 2636 14.

190 2710 342 2738 exectus.
402 2703 500 2739 Cum
519 2704 563 2740 in
583 2702 667 2751 jure
689 2707 766 2741 Ro-

131 2770 246 2794 mano
277 2758 444 2796 vetitum
473 2761 591 2797 fuerit
613 2774 767 2797 execare

192 2827 295 2866 Tom.
324 2829 392 2868 III·

818 2100 942 2126 mares
966 2089 1075 2135 (vide
1097 2089 1191 2138 Dig.
1209 2095 1271 2134 48,
1286 2095 1322 2133 8,
1338 2092 1372 2130 4,
1387 2097 1426 2122 2.>
1446 2109 1460 2127 ‚

822 2159 863 2181 ea
913 2147 1080 2182 maxime
1127 2145 1218 2180 facti
1267 2142 1459 2177 excusatio

819 2201 1035 2248 probabilis
1058 2199 1225 2239 videtur,
1256 2199 1282 2233 fi
1302 2197 1460 2238 femina,

819 2255 1012 2304 pudorem
1057 2256 1166 2290 suum
1201 2254 1459 2294 vindicatura,

820 2311 886 2348 vel
922 2321 1030 2360 pater
1059 2310 1353 2360 superveniens,
1401 2324 1461 2344 ra·

817 2378 971 2417 ptorem
1011 2367 1142 2416 gladio
1173 2364 1350 2402 arcuerit.
1408 2365 1462 2401 Et

819 2424 971 2460 fortasse
1020 2422 1252 2470 hujusmodi
1296 2422 1461 2470 agitatae

818 2481 903 2516 sunt
925 2480 968 2516 in
995 2478 1135 2516 scholis
1167 2479 1458 2517 controversiae,

823 2549 1045 2585 quanquam
1065 2547 1168 2570 nunc
1191 2534 1348 2582 quidem
1372 2531 1459 2569 nul·

821 2591 880 2628 lae
911 2593 1149 2628 succurrunt.

881 2659 917 2695 9.
961 2648 1120 2682 extrario
1149 2666 1205 2672 -—
1243 2642 1460 2694 domesticis.

822 2704 928 2739 Haec
947 2703 1106 2751 proprie
1128 2702 1199 2737 fibi
1210 2712 1464 2752 opponuntur

824 2759 1009 2797 invicem.
1041 2759 1088 2796 cf.
1118 2762 1152 2807 §.
1178 2768 1239 2803 51.

983 2828 1022 2863 H
