1586 2990
229 205 322 257 506
535 205 609 250 Μ.
653 206 784 252 ΕΑΒ.
830 207 1249 266 ᾳυιΝΤιιῑΑΝῑν

221 322 367 399 poffe
398 328 523 376 dare
553 331 601 375 in
627 331 1022 385 matrimonium,
1061 327 1152 399 nisi
1187 349 1339 394 penes
1378 351 1523 398 quem

162 400 292 473 31stt
319 406 686 467 patrimonium.
769 401 1171 473 Contrapofitum
1197 417 1384 469 autem,
1421 410 1524 466 vel,

225 487 287 526 ut
321 479 531 542 quidam
571 488 781 534 vocant,
830 482 1082 528 contentio,
1100 481 1357 543 (ἀντίθετον
1395 483 1524 532 dici-

224 557 342 616 tur)
378 571 487 602 non
509 570 618 601 uno
651 551 708 600 fit
736 553 910 602 modo.
987 555 1126 603 Nam
1150 566 1224 614 et,
1263 554 1298 604 fi
1328 557 1524 622 singula
1565 550 1569 553 Δ

225 627 438 692 singulis
469 638 838 692 opponuntur:
885 639 946 678 ut
970 632 1027 678 in
1057 647 1145 688 eo,
1183 631 1328 695 quod
1363 632 1527 682 modo

223 702 358 759 dixi,
405 705 544 752 Vicit
557 704 804 766 pudorem
827 702 1001 762 libido,
1037 709 1262 755 timorem
1292 708 1520 758 audacia.

221 789 273 825 et
294 778 415 826 bina
432 779 593 827 binis:
633 780 762 827 Non
784 777 945 847 nostri
967 783 1168 849 ingenii,
1192 779 1356 851 vestri
1375 784 1539 832 auxi-⁴

221 853 277 900 lii
301 849 390 920 est.
442 864 492 901 et
511 852 790 910 sententiae
812 854 1107 905 sententiis:
1140 858 1448 907 Dominetur
1471 859 1522 905 in

154 942 204 979 82
220 927 550 986 concionibus,
586 928 760 993 jaceat
790 933 840 977 in
870 930 1084 994 judiciis.
1160 933 1263 982 Cui
1292 945 1522 982 commo-

218 1003 410 1052 diffime
429 1003 758 1069 subjungitur
776 1015 827 1052 et
848 1023 907 1053 ea
929 1004 1134 1071 species,
1163 1023 1318 1071 quam
1344 1004 1520 1075 distin-

213 1082 421 1127 ctionem
443 1079 700 1128 diximus:
744 1081 864 1129 Odit
886 1082 1106 1144 populus
1127 1083 1390 1131 Romanus
1410 1085 1521 1146 pri-

211 1164 391 1202 ‘vatam
437 1155 721 1210 luxuriam,
785 1154 1036 1219 publicam
1091 1156 1517 1226 magnificentiam

211 1229 394 1297 diligit.
450 1239 524 1287 et,
563 1246 694 1293 quae
731 1227 876 1287 sunt,
914 1230 1068 1278 fimili
1098 1231 1255 1288 casu,
1277 1230 1516 1280 dissimili

208 1303 475 1360 sententia,
505 1305 562 1351 in
589 1305 774 1352 ultimo
799 1306 988 1353 locata:
1037 1317 1114 1363 ut,
1152 1307 1304 1377 Quod
1323 1310 1373 1355 in
1393 1318 1515 1355 tem-
1583 1320 1585 1322 ’

206 1396 335 1441 pore
354 1379 477 1427 mali
483 1375 617 1447 fuit,
650 1379 771 1426 nilzil
791 1377 929 1449 obsit,
964 1384 1096 1443 quin,
1134 1383 1270 1444 quod
1287 1385 1336 1429 in
1361 1378 1515 1452 causa

146 1464 198 1502 85
211 1451 474 1522 bonifuit,
508 1451 682 1525 prosit.
761 1457 874 1503 Nec
897 1454 1096 1520 semper
1115 1455 1515 1522 contrapofitum

208 1528 563 1595 l'ubjungitur;
613 1540 673 1578 ut
706 1531 764 1578 in
795 1531 920 1588 hoc,
957 1528 1059 1598 Est
1089 1534 1273 1598 igitur,
1302 1531 1514 1594 judices,

208 1622 306 1652 non
313 1601 532 1675 scripta,
542 1601 649 1673 scd
665 1617 788 1653 nata
806 1606 917 1655 lex.-
954 1623 1156 1662 verum,
1181 1605 1308 1654 ficut
1329 1607 1512 1656 Cicero

208 1679 360 1737 dicit,
397 1681 461 1728 de
488 1679 701 1745 lingulis
725 1682 881 1730 rebus
906 1680 1180 1746 propositis
1201 1681 1425 1732 refertur
1445 1681 1510 1730 ad.

288 1830 374 1864 dare
403 1831 439 1864 ίη
469 1832 749 1865 matrimonium.
808 1832 869 1866 Sic
910 1831 1042 1866 Turic-
1082 1829 1183 1866 Flor.
1226 1833 1270 1875 (a
1302 1844 1361 1879 pr.
1392 1845 1507 1867 manu

203 1885 403 1931 uterque).
456 1885 612 1932 Reliqui
651 1887 834 1921 omittunt
871 1888 919 1921 in.
1135 1899 1245 1933 penes
1273 1899 1387 1934 quem.
1445 1888 1508 1922 Sic

203 1940 334 1975 Turic-
350 1939 450 1975 Flor.
473 1940 600 1976 Guelf.
621 1941 735 1976 Goth.
762 1943 847 1984 (tac.
861 1942 987 1985 Gesn.)
1009 1942 1139 1989 Camp.
1180 1940 1336 1988 Reliqui
1356 1956 1391 1991 q.
1413 1956 1451 1989 p.

287 2001 350 2039 8¹·
384 2004 437 2034 et,
457 1992 607 2046 fifing.
658 1996 719 2030 Sic
751 1996 880 2032 Turio.
916 1999 958 2041 (a
984 1996 1049 2031 sec.
1074 1996 1226 2041 manu)·
1275 1998 1307 2031 A
1336 2010 1396 2044 pr.
1420 1998 1504 2045 qui-

203 2048 288 2084 d³em
309 2058 345 2083 et
358 2049 463 2098 sits]⁴
479 2061 516 2085 et
537 2052 583 2085 fic
602 2049 702 2086 Flor.
754 2050 910 2098 Reliqui
939 2060 975 2086 et
987 2050 1041 2098 fit
1061 2050 1096 2100 fi
1116 2049 1151 2098 s.

286 2111 350 2148 85.
391 2107 513 2152 igitur.
572 2106 633 2140 Sic
659 2107 789 2141 Turio.
821 2105 922 2142 Flor.
957 2105 1082 2141 Guelf.
1107 2105 1222 2141 Goth.
1248 2105 1346 2150 (tac.
1369 2107 1502 2151 Gern.)

200 2159 332 2207 Camp.
360 2172 448 2194 cum
468 2160 568 2195 Alm.
588 2160 690 2198 Voss.
713 2172 748 2197 2.
772 2171 808 2196 et
829 2162 912 2196 edd.
932 2172 1015 2196 ante
1041 2160 1189 2209 Gryph.
1228 2161 1387 2209 Reliqui
1407 2163 1502 2196 enim

199 2214 297 2248 haec.
334 2215 412 2251 Cic.
437 2217 487 2263 ig.
510 2216 606 2251 haec.
787 2217 888 2257 dicit,
913 2217 970 2251 de.
1015 2217 1077 2251 Sic
1099 2216 1228 2252 Tul-ic.
1252 2215 1503 2263 Flor.7Guelf.

199 2269 330 2318 camp.
350 2283 437 2305 eum
458 2269 559 2306 Ahn.
580 2271 689 2307 Bam.
713 2271 808 2308 Obr.
831 2273 990 2320 Capper.
1027 2270 1184 2320 Reliqui
1203 2265 1371 2308 inferunt
1391 2272 1499 2321 quod.

252 2386 318 2423 81.
344 2377 554 2426 Nonnostri
566 2382 713 2427 ingen1‘1'.
740 2381 819 2416 Cic.
933 2387 998 2425 85.
1038 2382 1158 2416 Cicero
1189 2380 1287 2416 dicit.
1329 2382 1374 2417 cf.
1396 2394 1432 2430 9,
1463 2396 1500 2424 1,

193 2446 266 2482 pro
300 2433 448 2469 Cluent.
473 2448 503 2470 c.
530 2448 561 2471 1.
596 2437 818 2471 Dominetur.
876 2443 941 2480 54.
972 2436 1200 2484 Exemplum
1215 2434 1356 2484 figurae
1369 2437 1498 2483 hujus,

192 2489 288 2524 ibid·
315 2502 346 2524 e.
369 2501 404 2525 2.
437 2490 530 2526 Odit
547 2492 713 2538 populus.
747 2504 817 2539 pro
875 2492 944 2527 ubi
973 2490 1131 2541 singulis
1169 2490 1269 2526 rebus
1304 2491 1499 2540 propositis

191 2545 318 2580 Mure.
344 2545 409 2586 56.
447 2546 557 2596 Quod
583 2548 620 2580 in
645 2555 816 2594 tempore.
875 2548 1167 2594 contrapositum
1193 2545 1344 2592 refertur
1363 2547 1411 2581 ad
1421 2546 1497 2595 fin-

188 2611 261 2647 pro
297 2598 446 2635 Cluent.
472 2608 538 2647 29.
594 2599 663 2649 Est
694 2603 817 2651 igitur.
871 2602 981 2649 gula,
1015 2601 1178 2648 defignat
1203 2601 1386 2637 Gesnerus
1402 2603 1496 2639 Ver-

187 2666 259 2702 pro
282 2653 394 2691 Milo.
416 2660 454 2700 4.
872 2656 947 2695 rin.
969 2658 1052 2694 Act.
1075 2662 1111 2700 4,
1133 2662 1196 2700 50.

245 2714 310 2753 82.
341 2709 507 2748 diximus.
537 2714 573 2759 §.
602 2709 667 2756 65.
728 2754 730 2756 v
