1586 2990
292 240 457 292 INST.
504 238 780 290 ORATOR.
825 236 945 288 1313.
993 238 1110 298 vn,
1149 253 1194 287 2.
1346 248 1407 300 73

77 379 213 426 net-'e
234 372 520 430 convicio,.
545 383 704 437 quam
721 368 930 419 levibus
954 379 1045 420 aut
1078 366 1290 419 frivolis
1322 380 1412 420 aut

30 467 31 470 ’
78 439 360 502 manifesto
385 448 522 498 falfis
547 465 701 497 reum
721 443 988 504 incessere,
1018 447 1142 511 quia
1173 445 1303 496 fides
1330 464 1412 496 ce-

82 531 213 578 *teris
251 526 570 577 detrahitur:
613 535 688 581 et,
728 524 824 589 qui
851 523 990 573 nihil
1027 524 1234 583 obiicit,
1280 525 1416 574 omi-

80 603 196 655 ·fiss'e
236 603 387 653 credi·
407 601 577 669 potest
610 600 912 660 maledicta,
957 611 1208 664 tanquam
1235 599 1417 667 super-

80 677 280 740 &acum
319 681 415 745 qui
448 696 579 728 vana
608 679 872 743 congerit,
910 676 1189 728 confitetur
1217 695 1418 729 vanum

48 785 50 789 ·
87 759 147 808 in
195 758 439 806 anteactis
476 765 874 822 argumentum,
933 756 990 804 in
1029 756 1223 820 quibus
1255 757 1419 814 vinci,

80 830 249 900 quam
274 845 468 889 tacere,
509 833 769 881 maluerit.
839 833 1048 889 Cetera,
1089 849 1223 897 quae
1244 851 1279 881 a
1296 850 1416 897 per·
1434 850 1485 890 35

76 907 224 984 sonis
243 910 370 959 duci
391 909 587 967 solent,
627 911 685 958 in
717 919 1150 973 argumentorum
1180 910 1312 959 locis
1336 927 1422 957 ex-
1458 910 1465 918 ‘

83 986 379 1054 posuimus.
459 987 700 1035 Proxima
740 983 812 1033 est
852 1002 918 1033 ex
951 982 1115 1056 causzs
1147 987 1421 1050 probatio:

90 1066 148 1113 in
168 1063 369 1128 quibus
390 1062 516 1110 haec
535 1063 759 1110 maxime
783 1059 1096 1126 spectantur,
1121 1064 1217 1119 ira,
1237 1063 1423 1119 odium,

90 1151 275 1197 metus,
323 1140 598 1204 cupiditas,
623 1134 781 1211 spes.-
835 1154 958 1186 nam
993 1138 1200 1201 reliqua
1231 1140 1290 1187 in
1323 1139 1426 1189 110-

91 1232 212 1266 rum
231 1215 426 1282 species
445 1216 652 1264 cadunt.
707 1220 953 1285 Quorum
974 1214 1010 1264 fi
1034 1215 1168 1280 quid
1188 1218 1247 1264 in
1268 1233 1426 1266 reum
1472 1280 1474 1282 Ι

88 1295 403 1352 εοῐηθθῐιὶθῑ,
450 1292 758 1342 accusatoris
790 1291 862 1340 est
891 1290 1119 1350 efficere,
1166 1292 1233 1341 ad
1268 1293 1427 1359 quid·
1470 1320 1472 1323 ·

86 1370 230 1435 quid
247 1369 550 1419 faciendum
580 1369 757 1419 causae
786 1370 961 1418 valere
984 1369 1291 1430 videantur,
1321 1388 1429 1420 eas-

99 1459 230 1512 que,
281 1463 409 1512 quas
458 1448 517 1496 in
560 1457 932 1512 argumentum
975 1445 1175 1505 sumet,
1218 1465 1426 1513 augere.

101 1524 156 1571 Si
174 1525 377 1580 minus,
411 1524 540 1572 illuc
567 1522 884 1573 conferenda
905 1521 977 1570 est
999 1524 1192 1581 oratio,
1223 1534 1314 1573 aut
1334 1526 1427 1573 ali·
1444 1534 1495 1579 56

105 1614 235 1665 quae
254 1596 458 1649 fortasse
478 1600 695 1648 latentes
720 1598 868 1649 fuiffe
884 1637 899 1658 ,
938 1610 1029 1648 aut
1052 1600 1190 1649 nihil
1218 1600 1284 1650 ad.
1317 1619 1431 1663 rem

96 1676 395 1741 pertinere,
448 1693 541 1725 cur
577 1675 787 1735 fecerit,
845 1675 885 1727 fi
922 1674 1081 1725 fecit:
1140 1689 1231 1726 aut
1275 1679 1434 1727 etiam

96 1749 320 1817 dignius
361 1749 459 1801 esse
499 1752 626 1803 odio
663 1752 858 1811 scelus,
907 1753 1052 1818 quod
1087 1771 1199 1804 non
1237 1755 1435 1805 habue-

105 1829 176 1878 rit
206 1827 422 1878 causam.
495 1833 753 1881 Patronus
784 1847 944 1888 vero,
965 1832 1192 1895 =quoties
1223 1835 1438 1899 poterit,

193 1983 256 2030 qui
284 1982 387 2018 nihil.
445 1983 578 2026 Turio.
623 1984 722 2034 quod
751 1999 786 2021 n.
834 1983 940 2019 idem
981 1998 999 2019 a
1032 1986 1099 2021 [ec.
1131 1999 1252 2023 manu
1294 1986 1437 2028 Guelf„

110 2035 243 2093 camp.
261 2040 362 2094 ⁵quia
393 2053 427 2074 n.
458 2048 546 2075 cum
566 2042 663 2079 Jens.
694 2041 809 2076 Tarv.
841 2041 1023 2076 Correxit
1041 2042 1199 2090 Regius.

197 2102 265 2149 55,
314 2107 452 2143 horum.
509 2108 635 2145 Guelf.
671 2111 802 2158 Camp.
834 2109 900 2145 has
932 2122 1022 2146 cum
1043 2111 1160 2146 Goth.
1188 2123 1226 2148 et
1247 2113 1332 2148 edd.
1355 2123 1441 2148 ante

116 2158 213 2197 Obr.
235 2161 603 2210 turpiterredeunte
624 2166 785 2219 Cappa-7
1218 2190 1221 2193 >

96 2310 103 2314 -
170 2291 234 2328 34.
265 2284 405 2321 levibus
425 2296 500 2322 aut.
529 2289 651 2324 Unice
668 2288 749 2338 pla·
808 2288 1074 2328 deficientibus
1092 2291 1184 2328 licet
1194 2292 1307 2330 libris
1319 2294 1444 2330 omni-

102 2342 175 2376 ·bet
195 2340 440 2378 cod.·Gue1f.
473 2357 663 2393 reponens
694 2354 750 2380 at·
807 2345 891 2382 bus.
923 2348 1041 2384 Nihil
1055 2349 1125 2390 effe
1139 2361 1213 2385 tam
1227 2349 1351 2392 at'rOX,
1367 2365 1446 2399 quo

102 2403 186 2446 'que
198 2407 271 2446 pro
292 2406 367 2433 aut
807 2415 886 2438 non
903 2406 1018 2440 caulis
1039 2405 1262 2454 impellatur
1279 2407 1448 2442 humana

104 2461 108 2463 ’
171 2466 638 2504 vanum—argumentum.
653 2457 749 2493 Ora·
807 2471 964 2502 natura,
995 2462 1171 2497 ostendet
1194 2473 1322 2502 actor,
1342 2477 1449 2512 prae-

102 2508 250 2545 ‘tionis
259 2511 457 2548 confihum
475 2512 620 2562 flagitat
641 2528 750 2550 unum
808 2515 936 2553 sertim
967 2519 1022 2552 ira
1042 2537 1095 2544 --
1119 2516 1211 2566 spe,
1244 2532 1337 2566 quas
1362 2519 1451 2566 qui-

100 2574 201 2614 ‘pi-o·
209 2579 356 2603 vanum.
811 2572 898 2608 dem
931 2573 1024 2609 solas
1064 2583 1221 2614 tractat,
1264 2575 1451 2622 qnoniam

811 2630 992 2669 „cadunt
1040 2630 1170 2665 omnia
1218 2631 1261 2666 in
1306 2631 1454 2666 horum

107 2684 113 2685 ⁷
178 2686 243 2724 35.
289 2679 531 2730 exposuimus.
589 2684 677 2722 Lib.
717 2692 752 2729 5.
812 2686 999 2735 ‚‚species.
1016 2691 1041 2706 “
1126 2685 1187 2722 Ad
1249 2687 1454 2735 insequens

124 2744 204 2785 cap.
229 2750 289 2772 10.
321 2741 354 2785 §.
375 2747 425 2782 25
450 2759 502 2766 —
523 2749 588 2784 52.
792 2741 958 2785 (scribi
998 2741 1155 2778 fontum
1186 2754 1223 2779 et
1253 2752 1303 2779 at.
1344 2743 1391 2779 cf.
1422 2756 1457 2783 1,

179 2789 333 2843 efficere,
359 2795 418 2831 ad.
449 2796 693 2835 Insa-endum
718 2806 759 2835 ut
818 2810 865 2844 7,
891 2797 957 2847 5.)
978 2798 1183 2837 hauriebat
1201 2799 1384 2838 voculam
1405 2808 1457 2835 ut.
