1586 2990
225 241 324 299 464
541 238 616 285 M.
647 239 779 284 FAB.
817 234 1223 298 QUINTILIANI

222 374 279 415 >et
311 362 377 411 de
406 362 647 428 pluribus
681 360 1027 425 singulariter,

221 468 227 476 ’
297 473 432 514 Haud
450 467 572 533 ficus
600 485 651 511 ac
679 471 832 523 patriis
860 483 954 510 acer
980 470 1198 509 Romanus
1219 467 1264 507 in
1287 461 1427 509 armi&-

166 585 214 617 ἀι
231 573 408 639 Specie
428 568 642 626 diversa,
669 567 754 616 led
776 583 963 633 genere
986 567 1163 616 eadem
1187 566 1377 614 ethaeo
1393 562 1532 623 sunt,

294 681 414 720 Neve
437 678 512 720 tibi
545 678 604 718 ad
622 673 752 739 solem
783 686 962 731 vergant
988 662 1130 719 uineta
1161 659 1398 716 cadoritenz:

294 743 363 785 Ne
386 747 487 785 mihi
517 754 605 785 cum
628 746 768 785 molles
780 740 862 804 siah
881 745 982 784 divo
1003 757 1168 795 carpere
1179 737 1365 802 somnos,

291 813 388 852 Neu
416 807 540 872 dorso
572 814 746 852 nemoris
776 810 902 851 libeat
918 806 1204 870 jacuff‘per
1230 807 1403 868 herbas:

229 927 340 960 non
373 912 514 958 enim
552 909 723 959 nescio
759 910 845 958 cui
886 909 975 958 alii
1015 909 1191 974 prius,
1237 899 1534 971 nec'poste'a
1565 923 1571 925 ·

230 985 326 1035 fibi
348 987 467 1043 uni,
506 984 594 1034 sed
616 986 858 1034 omnibus
884 984 1147 1051 praecipit.
1209 983 1272 1031 Et
1297 981 1361 1030 de
1380 981 1534 1030 nobis

228 1062 501 1125 loquimur
539 1072 786 1126 tanquam
825 1060 889 1108 de
933 1061 1069 1117 aliis,
1123 1058 1268 1106 Dicit
1309 1059 1535 1113 Servius}

166 1152 215 1178 22
230 1138 423 1204 Negat
473 1136 677 1184 Tullius.
764 1139 829 1183 Et
865 1134 1037 1184 nostra
1076 1133 1293 1199 persona
1331 1123 1586 1187 utimuffsso

228 1229 326 1277 pro
351 1213 529 1269 aliena,
554 1221 604 1259 et
623 1212 751 1259 alios
771 1227 867 1276 pro
889 1211 1002 1259 aliis
1025 1207 1284 1272 fingimus.
1329 1207 1533 1259 Utrius—

230 1305 333 1351 que
377 1289 453 1334 rei
500 1287 798 1350 exemplum
835 1302 931 1350 pro
973 1285 1217 1334 Caecina(
1279 1280 1533 1338 Pisonem,

230 1360 467 1409 adversae
495 1363 653 1425 partis
679 1361 1015 1416 advocatum,
1054 1359 1324 1422 alloquens
1350 1357 1533 1406 Cicero

231 1436 381 1495 dicit,
414 1431 714 1509 liesticusse
737 1446 786 1483 te
808 1436 964 1492 dixti,
999 1435 1166 1502 Nego
1187 1449 1263 1480 me
1286 1449 1351 1482 ex
1375 1432 1534 1480 edicto

316 1595 381 1620 21.
418 1585 471 1620 Ne
492 1585 591 1620 mihi.
639 1583 770 1619 Turio.
803 1583 851 1619 ηὲ
877 1571 932 1620 ᾗ.
964 1595 1011 1618 ex
1043 1580 1140 1616 Alm.
1163 1590 1199 1615 et
1217 1578 1334 1615 Goth.
1353 1577 1536 1613 nostrum.

232 1644 302 1680 Ille
326 1659 345 1679 a
368 1646 433 1682 sec.
455 1659 571 1681 manu
593 1660 656 1681 nec
677 1654 786 1680 noctu
806 1657 876 1692 pro
898 1658 932 1678 n.
956 1658 1001 1678 m.
1025 1652 1100 1677 tum
1122 1652 1158 1677 et
1186 1642 1234 1676 fic
1257 1643 1385 1690 Camp.
1409 1636 1535 1674 Guelf-

234 1713 321 1736 cum
345 1700 455 1736 Bodl.
495 1701 652 1749 Reliqui
671 1701 747 1735 Nec
769 1701 875 1740 mihi.
906 1709 948 1734 ut
971 1709 1007 1734 et
1027 1697 1175 1746 aliquot
1195 1695 1356 1744 Virgilii
1375 1693 1479 1730 libri.

316 1757 412 1790 divo.
463 1757 525 1791 Sic
544 1756 672 1791 Turic.
695 1754 820 1791 Guelf.
853 1767 939 1789 cum
959 1753 1059 1788 Alm.
1087 1751 1198 1788 Bodl.
1224 1752 1326 1789 Voff.
1352 1761 1387 1786 2.
1419 1747 1535 1785 Goth.

199 1843 201 1846 ,
230 1811 327 1849 Jens.
351 1822 387 1845 et
411 1811 493 1845 edd.
516 1810 789 1858 posterioribus
810 1821 893 1844 ante
912 1811 1031 1844 Stoer.
1054 1821 1132 1843 exc.
1151 1806 1240 1842 Bad.
1277 1804 1435 1853 Reliqui
1458 1804 1536 1842 dio.

229 1866 355 1900 Etiam
375 1866 497 1900 mollis
518 1875 609 1900 vett.
630 1865 708 1899 mei
729 1876 811 1900 ante
833 1862 979 1911 Gryph.
1010 1874 1226 1911 quanquam
1253 1860 1402 1909 aliquot
1428 1857 1534 1893 filen-

230 1929 312 1959 tur,
352 1930 387 1955 et
414 1920 499 1957 Ald.
528 1921 680 1955 molleis.
797 1959 799 1961 ¹

317 1985 380 2012 22.
423 1984 456 2010 te
488 1976 593 2010 dixti.
637 1975 779 2010 'Tui-ic.
818 1972 920 2009 Flor.
945 1973 1076 2009 Ambr.
1116 1985 1149 2008 1.
1187 1971 1275 2018 (sed
1310 1969 1398 2005 loco
1427 1967 1538 2021 raso)

234 2030 360 2066 Guelf.
374 2032 503 2079 Camp.
525 2028 648 2078 dixisti
668 2043 755 2065 cum
773 2028 873 2065 Alm.
891 2038 928 2063 et
945 2028 1054 2064 libris
1068 2027 1275 2064 Ciceronis.
1306 2026 1400 2060 dixit
1421 2025 1539 2073 Tarv'.¹

233 2086 279 2120 ef.
302 2094 337 2129 5,
364 2095 425 2129 13,
449 2093 513 2130 47.
751 2099 805 2120 me
835 2097 877 2119 ex
905 2085 961 2120 ed.
1020 2083 1080 2118 Sic
1113 2083 1244 2119 Turic.
1272 2080 1375 2117 Flor⁴
1410 2078 1535 2117 Guelf.

234 2142 364 2190 Camp.
398 2154 485 2176 cum
511 2140 611 2176 Alm.
640 2140 744 2179 Vols.
767 2150 802 2176 2.
861 2139 1020 2189 Reliqui
1057 2139 1243 2178 omittunt.
1271 2149 1314 2172 ex
1343 2146 1380 2172 et
1407 2135 1473 2170 hic
1501 2142 1560 2177 eg,

231 2208 335 2232 mox.
377 2196 423 2231 cf.
446 2207 482 2231 et
505 2197 583 2231 Cic.
605 2197 695 2230 Em.

261 2335 263 2337 .
286 2307 332 2341 de
351 2306 513 2354 pluribus
528 2306 777 2356 singulariter.
808 2307 855 2345 cf.
913 2306 1029 2348 cari}
1069 2303 1203 2351 „Sicut
1229 2301 1409 2338 Chremes
1437 2297 1482 2334 de
1504 2297 1537 2334 se

233 2367 268 2406 8·
301 2363 338 2403 6,
369 2369 432 2405 28·
912 2361 1036 2404 „dicit
1062 2359 1102 2395 in
1131 2358 1295 2394 Andria:
1335 2357 1426 2392 Non
1451 2354 1537 2388 her-

287 2429 352 2454 21.
385 2426 558 2468 tanquam
578 2418 621 2452 cle
633 2418 727 2453 aliis.
757 2418 856 2459 „Di-
911 2416 1023 2457 „cule
1055 2414 1205 2450 faciet.“
1245 2419 1280 2456 4,
1309 2418 1343 2455 4,
1376 2411 1439 2454 56.
1468 2410 1537 2443 Ba·

231 2473 311 2512 ,‚cit
323 2475 478 2509 Sexvius
499 2475 521 2510 s.
538 2474 750 2521 Sulpicius:
783 2473 857 2508 hoc
914 2473 1011 2506 dius.
1039 2468 1271 2516 Exemplum
1288 2467 1401 2504 etiam
1421 2463 1538 2499 fuerit

227 2529 303 2567 „est
335 2530 478 2564 afferit:
520 2531 662 2577 Negat.
680 2527 853 2563 Tullius:
912 2525 1067 2562 Horatii
1083 2524 1198 2572 Epist.
1219 2537 1251 2563 1,
1279 2521 1338 2560 16,
1362 2527 1424 2567 49.
1453 2530 1536 2559 „re-

230 2582 332 2623 „hoc
381 2586 430 2618 est
469 2597 552 2632 ego.
622 2586 716 2619 Sunt
754 2584 856 2618 enim
912 2582 1025 2622 „nuit
1074 2580 1292 2626 negitatque
1330 2573 1538 2611 sabellus.“

228 2639 534 2678 ‚‚ve1·baTullii“
561 2639 656 2680 [ubi
677 2637 856 2674 tandem?
913 2648 949 2672 et
975 2635 1103 2684 paffim
1137 2633 1225 2670 talia
1262 2629 1432 2667 inveniri
1457 2624 1538 2676 pos·

229 2694 328 2728 Nam
353 2706 452 2729 certe
474 2707 552 2729 non
581 2694 622 2728 in
648 2695 856 2728 Murennna
914 2693 1007 2727 sunt.

230 2747 446 2791 Ciceronis,
481 2749 550 2786 ubi
569 2759 718 2799 poteras
744 2748 855 2799 suspi-
968 2754 1129 2798 22.-pro
1161 2742 1326 2780 Caecina.
1365 2750 1395 2774 c.
1419 2747 1481 2784 29-
