1586 2990
242 160 431 226 '1Ns‘n
475 172 751 220 ORATOR.
795 157 918 218 Lm.
964 169 1091 228 vm
1125 168 1174 232 '4-
1292 185 1387 232 107

69 299 274 355 numero
315 301 528 352 militum
571 298 930 369 aggredienda
944 300 970 345 ,2
1018 298 1076 346 in
1109 297 1388 349 consilium

65 375 353 439 :ffirendum
376 377 452 428 sit.
522 377 712 443 Eidem
734 376 968 441 qualitati
996 373 1285 424 succedunt
1313 374 1389 424 fa-

0 485 12 500 =
69 451 282 516 cienda,
305 473 365 505 ac
386 472 498 505 non
517 452 778 503 facienda:
806 452 1116 518 appetenda,
1149 452 1387 501 vitanda:

68 537 286 600 quaein
304 532 554 583 suasorias
577 528 795 596 quidem
813 530 1036 582 maxime
1061 528 1278 588 cadunt,
1299 528 1390 577 sed

67 612 129 661 in
153 607 518 661 controverfiis
548 623 765 673 quoque
791 605 911 655 sunt
933 605 1252 672 frequentia:
1291 606 1390 655 hac

32 725 41 740 ,
67 683 520 744 soladifferentia‚
560 683 709 750 quod
725 684 835 732 illic
855 682 920 732 de
954 681 1176 743 futuris,
1212 683 1302 732 hic
1323 683 1391 731 de

66 762 216 816 factis
273 765 457 830 agitur.
549 764 680 811 Item
744 759 1175 810 demonstrativae
1228 762 1428 826 parti55

68 842 249 891 omnia
268 839 391 890 sunt
413 841 471 888 in
495 839 599 888 hoc
622 837 780 888 statu:
821 836 1017 886 factum
1040 835 1136 886 effe
1162 837 1359 887 constat
1375 850 1394 886 ε’

68 919 224 984 quale
270 917 330 966 fit
354 915 581 974 factum,
623 909 907 981 quaeritur.
985 909 1074 964 Lis
1112 913 1184 963 est
1218 915 1392 964 omnis

67 1005 156 1044 aut
179 995 243 1044 de
265 996 524 1060 praemio,
562 1002 653 1043 aut
682 992 746 1039 de
774 1006 966 1058 poena,
1005 1002 1096 1040 aut
1130 991 1194 1039 de
1231 1000 1394 1056 quan-

65 1075 224 1122 titate.
289 1071 458 1137 Igitur
480 1070 718 1134 primum
739 1084 905 1133 genus
925 1066 1130 1125 causae,
1161 1077 1251 1115 aut
1263 1065 1394 1138 fim-

60 1149 214 1216 plene,
234 1136 772 1211 autfcomparativum.
824 1145 964 1201 Illic,
989 1143 1123 1209 quid
1144 1159 1393 1208 aequum,

63 1224 179 1286 hic,
217 1224 350 1294 quid
371 1224 620 1294 aequius,
661 1232 759 1274 aut·
780 1219 913 1290 quid
934 1219 1291 1290 aequiffimum
1316 1219 1394 1279 fit,

47 1388 49 1390 '
84 1403 86 1406 .
148 1380 248 1430 quod
279 1380 368 1417 illic.
433 1378 497 1415 Sic
533 1378 664 1416 Turio.
714 1375 764 1423 (a
795 1389 854 1427 pr.
887 1373 1048 1426 manu).
1092 1374 1255 1426 Reliqui
1295 1378 1396 1428 quia-

60 1424 116 1474 ‘eL
147 1437 193 1476 6,
224 1446 247 1480 4
264 1463 275 1478 ,
309 1445 372 1480 13.

154 1500 192 1535 5.
234 1494 352 1540 Igitur
370 1493 539 1540 primum.
583 1491 715 1527 Turic.
748 1491 795 1535 (a
818 1502 876 1541 pr.
897 1490 1042 1532 manu)
1068 1490 1092 1525 ἰ.
1120 1501 1256 1536 egram.
1296 1489 1396 1524 Mox

70 1547 96 1591 ἦ.
121 1550 309 1595 egregium
336 1558 374 1583 et
400 1549 448 1584 fic
470 1549 605 1596 Camp.
634 1546 696 1582 sed
717 1543 843 1581 Guelf.
874 1546 1062 1593 egregium
1097 1544 1234 1581 omisso
1269 1546 1394 1592 igitur.

69 1602 179 1641 Idem
209 1604 399 1639 omittunt
425 1603 530 1641 Voss'.
563 1613 598 1639 2.
633 1601 750 1638 Goth.
796 1601 859 1637 sed
897 1601 1027 1636 dantes
1054 1601 1224 1648 primum.
1278 1599 1399 1639 Nihil

68 1671 303 1711 magnopere
320 1658 500 1710 proficias
521 1672 568 1696 ex
594 1672 720 1707 egram
747 1657 820 1695 illo
851 1669 987 1696 eruens
1010 1658 1204 1708 integrum.

67 1769 190 1820 vulgo
222 1771 448 1809 credebatur
470 1772 538 1809 sub
560 1771 702 1808 Domi·

66 1827 174 1865 tiano
225 1827 382 1864 demum
437 1830 591 1877 cognita
641 1829 701 1863 in-

65 1882 144 1920 [ula
166 1884 375 1922 Britannia.
432 1885 550 1921 Nihil
578 1885 703 1933 igitur

67 1937 136 1977 hic
164 1940 290 1983 noster
329 1936 545 1979 adulationi
582 1941 701 1976 dedit.

69 1995 249 2044 Suspicor
276 1997 319 2032 in
337 1998 540 2033 rhetorum
562 1996 703 2032 scholis

67 2049 168 2088 hano
187 2052 350 2088 Caesaris
371 2053 630 2094 deliberantis,
656 2066 706 2088 an

70 2107 110 2141 iu
150 2109 382 2144 Britanniam
434 2112 705 2148 transmitteret,

70 2162 271 2199 suasoriam
284 2177 362 2201 non
381 2165 511 2200 minus
527 2165 706 2213 frequen-

68 2227 209 2261 tatam,
250 2233 364 2268 quam
390 2219 623 2258 Alexandri,
658 2234 707 2256 an

73 2275 261 2311 Oceanum
280 2279 483 2326 navigaret.
541 2277 633 2314 vide
666 2285 704 2320 5,

74 2337 120 2375 3,
153 2330 214 2367 16.

122 2384 315 2435 ferendum
326 2387 390 2439 fit.
435 2389 553 2425 Poffis
575 2400 706 2438 optare

67 2438 224 2491 serenda
235 2443 324 2494 fint.
382 2445 455 2480 Sed
474 2446 521 2480 ad
542 2445 706 2493 singulas

72 2497 142 2534 has
172 2500 405 2547 quaestiones
435 2503 462 2537 fi
490 2514 707 2538 accommo-

74 2553 210 2595 detur,
237 2555 330 2591 ferri
352 2558 473 2605 potest
494 2557 706 2606 singularis.

130 2619 167 2653 5.
199 2612 366 2658 primum.
422 2614 517 2651 Non
536 2614 620 2650 satis
642 2628 707 2663 ap·-

73 2676 192 2716 paret,
219 2667 324 2714 quod
346 2667 410 2703 hic
429 2671 588 2716 primum
603 2670 706 2706 dica-

76 2732 140 2761 tur
159 2734 302 2775 genuS,
333 2733 370 2763 et
387 2731 518 2779 quare.
575 2726 705 2765 Poffu-

757 1784 846 1807 mus
876 1770 959 1806 sane
990 1770 1166 1819 primum
1196 1771 1396 1820 agnoscere

757 1826 881 1868 illud,
921 1827 1026 1876 quod
1063 1828 1106 1862 fit
1144 1826 1190 1862 de
1219 1831 1397 1876 praemio,

759 1884 946 1932 quoniam
966 1883 1139 1932 sequitur
1158 1897 1253 1919 mox
1273 1910 1296 1925 ,‚
1310 1896 1401 1919 cum

759 1966 785 1982 ‚,
799 1940 843 1975 de
864 1954 997 1989 poena.
1014 1946 1036 1961 ‘⁶
1086 1940 1159 1975 Sed
1181 1954 1250 1975 nec
1271 1939 1402 1975 differt

760 1997 860 2032 ratio
886 1995 1098 2044 quaerendi
1123 1995 1190 2031 vel
1218 1996 1263 2031 de
1292 2010 1400 2045 prae-

763 2055 848 2092 mio,
869 2052 935 2088 vel
957 2053 1003 2088 de
1022 2065 1155 2099 poena,
1181 2065 1270 2088 cum
1293 2053 1399 2087 utro-

761 2109 880 2157 bique
912 2108 1043 2144 eadem
1080 2109 1123 2143 fit
1155 2108 1293 2143 divisio
1337 2117 1403 2143 aut

761 2164 979 2213 praemium
998 2162 1063 2199 vel
1083 2176 1247 2212 poenam
1271 2162 1400 2198 vindi-

765 2220 887 2261 candi,
909 2231 974 2256 aut
996 2219 1127 2256 eadem
1146 2218 1211 2255 vel
1234 2218 1402 2268 augendi.

762 2276 828 2314 vel
868 2275 1085 2325 minuendi.
1151 2274 1279 2314 Paulo'
1316 2285 1401 2310 ante

761 2331 906 2381 triplex
936 2331 1003 2366 illa
1043 2331 1203 2380 partitio
1235 2345 1282 2367 ne
1324 2331 1402 2379 ipsa
1434 2362 1436 2364 .

744 2423 751 2427 ,
762 2388 922 2438 quidem
934 2387 1047 2437 plane
1064 2387 1251 2436 expedita.
1278 2388 1403 2439 Quan-

762 2448 870 2485 titas,
901 2458 998 2492 quae
1029 2455 1288 2484 memoratur,
1319 2455 1403 2479 non

762 2515 832 2551 per
852 2502 887 2537 se
910 2501 960 2536 est
972 2499 1238 2548 intelligenda,
1258 2499 1320 2534 sed
1336 2512 1402 2535 ffe-

764 2558 839 2595 late
859 2557 905 2594 ad
923 2558 1126 2605 praemium
1159 2566 1196 2591 et
1221 2567 1404 2603 poenam‚·

766 2622 846 2663 quo
878 2612 944 2653 fit,
975 2623 1019 2649 ut
1050 2612 1232 2662 bipertita
1265 2611 1401 2659 magis,

763 2683 878 2720 quam
919 2668 1109 2716 tripertita
1131 2693 1142 2707 ,
1192 2669 1235 2703 fit
1273 2668 1400 2703 omnis

760 2725 829 2764 issa
852 2724 1041 2764 u‘actatio.
1078 2721 1162 2761 vid.
1183 2733 1264 2761 not.
1288 2723 1371 2762 crit.
