1586 2990
265 323 362 371 420
578 314 654 359 M.
688 315 821 359 FAB.
858 314 1264 375 QUINTILIANI

264 435 435 493 Dido,
483 445 655 484 tamen
693 436 800 484 huc
831 439 1063 502 erumpit
1093 439 1202 497 ejus
1237 433 1470 497 affectus,
1506 447 1567 488 ut

266 510 372 560 fine
395 511 629 559 thalamis
650 513 812 559 vitam
835 529 943 560 non
973 513 1252 561 hominum
1271 523 1441 577 putet,
1476 513 1581 577 sed·

265 585 507 635 ferarum.
584 587 746 636 Aliud
770 588 911 651 apud
933 587 1186 635 Ovidium
1207 603 1393 652 genus,
1427 587 1568 652 apud.

266 678 426 725 quem
449 663 676 726 Zmyrna
698 664 892 711 nutrici
920 679 1149 712 amorem
1172 663 1332 728 patris
1359 659 1424 710 fic
1447 679 1569 711 con-

265 735 471 794 fitetur,

332 848 399 855 -
444 825 504 872 0,
548 826 680 873 dixit,
715 822 886 886 felicem
922 829 1093 886 conjuge
1126 825 1328 869 matrem!
1362 846 1367 853 *

205 912 404 958 651-Iuic
435 911 522 959 vel
556 911 801 970 confinis,
842 915 928 963 vel
954 914 1132 962 eadem
1161 910 1258 970 est,
1297 928 1400 975 qua
1427 926 1568 960 nunc

266 987 470 1034 utimur
507 987 812 1051 plurimum.
890 993 996 1042 Jam
1035 990 1175 1036 enim
1210 987 1274 1036 ad
1304 986 1361 1035 id
1392 981 1569 1051 genus

268 1059 418 1124 quod
466 1072 519 1109 et
553 1061 1015 1126 frequentissimum
1063 1062 1158 1121 est,
1219 1073 1269 1110 et
1315 1061 1570 1132 expectapi

266 1136 488 1187 maxime
522 1137 701 1194 credo,
742 1139 1063 1186 veniendum
1101 1137 1195 1186 est:
1260 1137 1315 1185 in
1342 1154 1450 1201 quo
1476 1151 1569 1200 per

267 1209 531 1274 quandam
572 1211 940 1277 suspicionem,
986 1213 1133 1277 quod
1179 1229 1286 1262 non
1326 1211 1568 1266 dicimus,

267 1286 429 1349 accipi
451 1287 730 1335 volumus:
778 1306 887 1337 non
910 1290 1094 1352 utique
1125 1277 1470 1342 contrariam,
1508 1294 1569 1332 ut

266 1361 326 1408 in
359 1363 567 1423 εἰρωνείᾳ,
599 1360 689 1409 sed
710 1363 856 1411 aliud
879 1364 1065 1420 latens,
1099 1373 1149 1410 et
1172 1361 1401 1419 auditori
1427 1357 1567 1424 quasi

265 1435 676 1485 inveniendum.
730 1437 891 1502 quod,
933 1449 993 1486 ut
1015 1437 1168 1502 [upra
1200 1434 1437 1491 ostendi,
1467 1437 1567 1494 jam

267 1508 376 1558 fere
399 1509 569 1559 solum
580 1508 792 1582 schema
812 1531 839 1560 a
860 1513 1046 1562 nostris
1068 1531 1101 1561 v
1107 1523 1310 1568 ocatur,
1348 1519 1398 1558 et
1426 1507 1567 1557 unde

202 1595 252 1633 66
267 1585 703 1636 controversiaec
651 1586 748 1657 fig
751 1599 930 1637 macae
945 1588 1207 1637 dicuntur.
1236 1589 1363 1647 Ejus
1384 1578 1567 1650 triplei.

266 1660 390 1710 usus
414 1660 501 1719 est,
534 1680 690 1719 unus,
730 1661 769 1711 fi
799 1664 970 1713 dicere
992 1664 1159 1729 palam
1185 1677 1370 1728 parum
1395 1669 1566 1713 tutum

266 1735 362 1794 est3
402 1737 543 1793 alter,
577 1735 612 1784 fi
634 1755 743 1786 non
766 1739 936 1797 decet;
977 1740 1174 1796 tertius,
1210 1737 1304 1802 qui
1330 1732 1566 1785 venusta-

264 1811 330 1859 tis
352 1810 512 1860 modo
541 1812 697 1876 gratiri
721 1813 1020 1870 adhibetur,
1056 1823 1105 1860 et
1124 1811 1230 1878 ipsa
1250 1811 1479 1861 novitate
1511 1823 1564 1856 ac

264 1886 506 1934 varietate
527 1887 710 1951 magis,
750 1905 906 1952 quam
930 1888 966 1936 fi
992 1889 1173 1937 relatio
1196 1887 1256 1936 fit
1280 1895 1438 1942 recta,
1478 1883 1565 1938 de,-

345 2000 510 2046 erumpit.
561 1999 623 2034 Sic
642 1999 774 2036 Ambr.
802 2013 835 2035 1.
883 1999 1040 2048 Reliqui
1062 2001 1189 2046 erupit.
1232 1998 1278 2034 cf.
1300 2007 1337 2042 3,
1359 2006 1396 2041 3,
1420 2003 1456 2041 3.

345 2052 522 2101 Zmyrna.
564 2055 625 2088 sic
645 2056 756 2090 Bel'n.
787 2055 954 2089 Zinirina
968 2055 1096 2090 Tui-ic.
1129 2055 1280 2088 Zmirna
1296 2052 1398 2088 Flor.
1438 2051 1559 2087 Zmrr·

262 2120 347 2142 nam
366 2107 498 2143 Ambr.
521 2118 556 2144 2.
598 2109 754 2156 Reliqui
772 2111 960 2158 Myrrha,
991 2110 1056 2144 vel
1076 2111 1228 2158 IWyrra,
1253 2109 1378 2143 mirra.
1413 2109 1558 2142 Praeter

262 2162 391 2196 Turio.
414 2174 449 2197 et
469 2165 598 2212 Camp.
623 2177 752 2199 omues
773 2173 808 2199 et
830 2165 999 2200 inserunt
1028 2175 1110 2199 ante
1134 2164 1286 2211 Zmyrn.
1315 2162 1555 2210 praepostere.

261 2217 320 2251 De
339 2218 494 2252 nomine
515 2219 594 2253 vid.
615 2220 746 2254 Banu.
770 2222 847 2254 Sec.
865 2220 909 2254 ad
930 2221 1097 2267 Propert.
1111 2230 1146 2258 2,
1166 2227 1225 2261 13,
1243 2224 1306 2261 43.
1334 2217 1427 2252 item
1447 2216 1554 2252 nostr·

265 2283 324 2310 10,
350 2277 382 2314 4,
404 2278 439 2314 4.
479 2273 577 2309 Voss'.
605 2286 636 2308 ι.
664 2283 698 2316 5.
725 2283 759 2308 ec
783 2277 897 2309 mixta
924 2283 1036 2313 muta.
1252 2273 1379 2320 patris.
1429 2270 1554 2306 Turic.

260 2324 359 2360 flor.
390 2329 524 2362 matris.
581 2328 626 2362 cf.
658 2331 689 2374 κδ.
719 2338 783 2371 7ο.

343 2381 406 2416 66.
435 2382 576 2416 relatio.
618 2382 720 2417 Hor.
745 2385 792 2428 (a
813 2396 870 2430 pr.
892 2385 1034 2428 mauu)
1064 2382 1188 2419 Guelf.
1209 2381 1340 2418 Ambr.
1362 2392 1399 2418 2.
1427 2375 1550 2428 Cani‘p.

260 2435 370 2473 elatio
393 2449 478 2471 cum
498 2438 610 2472 Bern.
648 2438 740 2472 Non
763 2437 949 2485 displicet,
980 2440 1040 2473 etsi
1063 2437 1278 2486 exemplum
1298 2449 1378 2472 non
1396 2435 1547 2485 suppetit

315 2523 377 2566 65.
406 2533 444 2558 ut
459 2522 573 2572 supra
595 2525 747 2558 ostendi.
781 2536 815 2571 9,
842 2540 877 2567 1,
993 2526 1054 2562 66.
1076 2539 1204 2573 parum
1220 2521 1408 2571 tutumest.
1426 2524 1544 2563 „Haec

263 2585 322 2621 14.
350 2579 410 2612 De
430 2579 503 2614 hoc
530 2591 664 2625 genere
694 2580 769 2613 fuse
800 2581 878 2628 agit
932 2580 1181 2621 „Rufinianus
1204 2579 1390 2627 descripsit
1407 2591 1426 2612 e
1449 2579 1542 2624 QU.‘'

255 2634 461 2679 Dio‘nyssus
484 2633 802 2669 Halicarnass'enfis
835 2636 875 2669 in
932 2635 1183 2670 Ruhuheuius
1206 2634 1251 2669 ad
1265 2632 1411 2672 Iulium
1425 2629 1534 2667 Rufin

255 2690 343 2722 Arte
382 2688 519 2736 Capitt.
558 2696 593 2731 g.
636 2700 670 2734 9.
711 2702 747 2736 p.
785 2689 874 2724 Rsk.
930 2704 967 2739 p.
989 2691 1079 2734 265.

254 2749 500 2787 230—575.
551 2744 596 2779 cf.
635 2755 670 2778 et
702 2745 876 2779 Suetonii

176 2807 181 2812 “
252 2796 391 2845 vespas.
428 2807 488 2842 15.
983 2800 1122 2838 ³·elac1'o.
1179 2799 1226 2836 cf.
1249 2808 1329 2835 not.
1356 2796 1437 2834 erit.
