1586 2990
315 158 478 205 INST.
524 156 801 207 ORATOR:-
845 156 968 203 LIB.
1002 157 1134 214 VIII,
1171 157 1216 204 6.
1341 169 1436 216 323

99 283 276 353 licius.
370 287 433 334 In
473 284 680 334 Graecis
719 279 955 356 obelisco,
1025 284 1319 344 εοίιιᾱιιηῑο,
1337 297 1431 335 etc.

100 363 238 414 dure
270 364 428 412 etiam
456 365 677 427 jungere
709 372 975 420 vetamur,
1016 363 1114 427 qui
1146 362 1433 412 toleranter

97 440 287 491 videre
301 437 681 512 septentriones
708 438 970 489 videmur.
1047 442 1126 489 Eo
1148 441 1315 505 magis
1338 457 1430 488 ne·
1447 457 1498 496 34

99 515 307 567 cess'aria
347 519 646 582 κατάχρησις,
693 530 851 580 quam
878 526 1015 565 recte
1044 515 1272 566 dicimus
1306 510 1434 565 abu-

82 591 317 666 sionem,
361 610 497 659 quae
530 611 644 644 non
682 593 998 643 habentibus
1024 610 1226 643 nomen
1258 592 1431 654 suum,

97 672 463 722 accommodat
496 672 644 737 quod
671 674 729 720 in
751 671 1001 736 proximo
1022 669 1120 719 est:
1159 669 1242 729 fic,

161 808 231 817 —
265 809 337 817 —
370 785 541 841 Equum
571 785 721 825 divina
739 783 933 824 Palladis
955 792 1048 824 arte
1065 780 1330 843 Aedzficant:

94 895 148 934 et
177 885 325 952 apud
356 886 635 951 Tragicos,
676 884 752 934 Ec
774 883 889 948 jam
923 884 1001 933 leo
1032 886 1231 948 pariet,
1266 893 1316 931 at
1339 900 1431 949 pa-

4 972 179 1032 741ter
231 961 317 1012 est.
423 963 581 1011 Mille
642 959 764 1011 sunt
811 961 967 1018 haec,
1038 971 1091 1009 et
1141 958 1493 1019 acetabula,35

92 1088 295 1144 Geflt'pro
318 1093 393 1136 „ob
415 1095 671 1141 -jungere“
699 1090 816 1127 haec:
850 1091 1036 1141 „obelisco
1068 1089 1276 1139 (δβελίζω)
1307 1093 1427 1128 colum

89 1147 265 1200 (κοῖλόν)
294 1151 423 1186 ducere
455 1153 567 1186 etiam
596 1151 754 1197 jungere
777 1154 876 1184 cet.“
904 1149 948 1184 in
970 1148 1116 1196 quibus
1137 1149 1225 1196 ipfis
1248 1161 1328 1183 non
1351 1149 1428 1184 fuit

90 1219 230 1256 operae
259 1207 434 1258 pretium
463 1206 587 1243 multa
618 1217 786 1244 mutare,
829 1203 942 1240 nullo
963 1215 1071 1254 aptae
1091 1205 1295 1241 sententiae
1320 1217 1426 1241 emo-

88 1261 279 1301 lumento.

175 1326 240 1366 5⁴¹}-
264 1318 637 1369 sic—Aedificant.
696 1318 830 1354 Turic-
861 1317 966 1354 Flor.
993 1316 1030 1367 fi
1062 1331 1204 1353 caecum
1236 1331 1330 1365 ogra
1355 1332 1426 1370 pu-

93 1386 174 1413 tant
204 1377 287 1413 aed,
321 1391 410 1412 cum
441 1378 538 1415 Jens.
573 1386 611 1410 et
637 1374 920 1423 posterioribus
952 1386 1036 1409 ante
1057 1374 1150 1409 Bad.
1178 1375 1247 1422 qui
1273 1375 1425 1421 primus

91 1432 191 1468 hanc
211 1433 378 1469 -AeneIcL
405 1443 442 1473 2,
471 1440 533 1476 15.
564 1431 804 1466 mentionem
836 1431 1001 1466 invexit.
1060 1432 1162 1464 Eum
1197 1430 1350 1465 versum
1379 1430 1427 1465 ad

90 1499 218 1539 partes
238 1499 354 1524 vocat
372 1489 529 1525 Nonius
549 1486 757 1525 Marcellus
780 1487 919 1536 Gap-·fi-
953 1486 998 1521 de
1022 1485 1251 1535 impropriis
1282 1499 1320 1534 p.
1345 1486 1425 1524 Go-

88 1543 212 1594 ssofr.
248 1551 341 1590 758.
410 1546 543 1592 Camp.
572 1542 629 1592 fic
664 1545 761 1577 enim
794 1556 886 1590 ogra
916 1551 1053 1590 putant
1084 1542 1166 1577 aed.
1217 1541 1345 1578 Guelf.
1367 1541 1426 1593 fic

90 1613 192 1636 ecum
211 1615 305 1649 ogra
322 1610 458 1650 putant
481 1614 570 1635 cum
597 1599 714 1635 Goth.
737 1598 838 1636 Van.
859 1599 963 1637 Voss'.
993 1610 1030 1635 2.
1085 1599 1147 1633 Ex
1177 1597 1279 1634 Alm.
1316 1598 1426 1634 affer·

90 1667 155 1694 tur
187 1666 223 1692 ec
251 1671 332 1693 cum
362 1671 455 1705 ogra
475 1665 620 1704 putant.
680 1655 784 1690 Flor.
814 1654 936 1705 profi
960 1668 1078 1690 cecum
1106 1669 1123 1689 a
1146 1655 1214 1690 sec.
1240 1668 1358 1690 manu
1371 1654 1427 1705 fit

90 1726 233 1762 equum.
451 1713 507 1748 Et
520 1714 603 1758 jam
622 1712 865 1760 leo—pater
889 1709 949 1759 est.
981 1712 1112 1747 Turio.
1137 1710 1265 1749 Guelf.
1290 1712 1425 1760 Camp.
1476 1691 1586 1776 s

89 1772 204 1807 etiam
233 1770 339 1817 (hoc
372 1770 533 1820 quidem
565 1782 645 1805 non
680 1783 699 1804 e
722 1769 883 1811 Turio.)
912 1769 937 1802 l.
960 1776 1069 1816 paret
1090 1776 1131 1802 at
1149 1776 1257 1815 pater
1276 1768 1352 1804 fine
1373 1765 1424 1814 esl-

88 1838 178 1862 cum
208 1827 328 1864 Goth.
369 1830 470 1871 (ern
497 1826 635 1869 Gesn.)
677 1826 781 1864 Voss'.
807 1837 842 1860 2.
881 1824 982 1860 Alm.
1024 1824 1124 1872 (qui
1153 1834 1278 1859 tamen
1300 1826 1424 1871 pariet

88 1881 176 1919 dare
201 1883 394 1930 narratur)
425 1894 462 1918 et
493 1883 577 1918 edd.
600 1894 685 1918 ante
706 1882 799 1917 Bad.
825 1881 897 1917 Sed
920 1880 1024 1916 Flor.
1048 1882 1131 1915 aeia
1149 1880 1207 1915 leo
1229 1889 1350 1929 paret,
1381 1889 1424 1915 at:

85 1947 204 1989 pater.
263 1939 503 1977 catachrefin
528 1940 739 1987 agnoscunt
770 1937 848 1973 fere
879 1938 922 1972 in
951 1937 1147 1986 pariendo,
1174 1935 1280 1983 quod
1301 1948 1422 1984 pona-

87 2005 154 2032 tur
173 2009 246 2045 pro
267 1996 467 2044 gIgnendo.
527 1968 624 2041 Qeuis
647 1996 690 2029 fit
714 1994 902 2042 tragicus,
933 2006 1021 2028 cum
1043 1991 1263 2040 praesertim
1290 1993 1424 2038 tragici

86 2061 377 2093 memorentur,
432 2064 479 2085 an
510 2021 793 2098 probabilitere
801 2060 1019 2084 correctum
1052 2050 1115 2088 fit,
1155 2060 1203 2082 ue
1236 2059 1421 2094 quaerere

87 2106 249 2156 quidem
270 2117 380 2144 vacat
399 2106 444 2140 iu
464 2116 564 2141 tanta
585 2105 729 2140 horum
754 2105 930 2140 omnium
954 2103 1204 2139 fluctuatione
1228 2112 1265 2139 et
1285 2114 1420 2139 corru-

85 2162 211 2213 pte123
243 2163 350 2213 quod
374 2161 420 2196 de
450 2161 770 2210 praecedentibus
792 2173 948 2208 quoquc
971 2160 1120 2194 dictum
1142 2160 1197 2195 fit.

184 2227 250 2264 55.
281 2228 318 2255 et
337 2218 476 2254 acetab.
532 2218 663 2264 Turic.
701 2215 804 2252 Flor.
836 2217 1025 2252 omittunt
1059 2214 1250 2264 copulam.

88 2321 203 2358 quam
224 2309 430 2350 extuderit,
462 2322 509 2343 ne
534 2321 620 2343 cum
642 2320 722 2342 ma·
826 2305 884 2358 fic
907 2326 960 2336 ·—-
982 2315 1023 2343 at
1047 2315 1155 2356 pater
1176 2302 1237 2354 est.
1265 2306 1313 2341 cf.
1335 2316 1418 2343 not.

84 2364 218 2400 nifesta
248 2363 404 2413 quidem
424 2365 630 2413 scripturae
655 2377 721 2399 ve·
779 2363 866 2406 erig.

85 2420 178 2456 teris
210 2419 432 2457 desertione.
835 2425 899 2464 55.
930 2419 1050 2454 Mille
1073 2416 1164 2467 sunt
1194 2417 1291 2452 haee.
1329 2418 1417 2453 Du-

144 2483 208 2520 54.
243 2491 318 2512 non
347 2476 561 2512 habentibus
585 2489 718 2511 nomen
774 2488 862 2510 rum
884 2475 960 2511 hoc
973 2486 1009 2511 et
1022 2475 1202 2510 nimium.
1239 2472 1416 2509 Obrech-

78 2531 200 2582 suum.
260 2533 594 2583 Capperonnerius
615 2543 717 2568 recte
775 2543 835 2567 tus
871 2531 1046 2580 reponit:
1079 2532 1171 2566 Sunt
1203 2529 1305 2565 mille
1317 2527 1417 2580 ficu&

27 2612 43 2662 x
85 2589 196 2636 jubet
225 2590 400 2626 conferre
433 2603 528 2636 quae
550 2601 644 2623 mox
663 2587 718 2625 le·
775 2587 873 2624 haec.
912 2588 1098 2623 Gesner-us
1123 2585 1285 2633 conjicit
1306 2587 1414 2623 Simi-

86 2656 235 2696 guntur
264 2649 315 2694 (ᾖ.
341 2647 424 2691 55.)
454 2645 627 2693 „quibus
648 2657 718 2682 no·
775 2645 830 2679 lia
853 2643 944 2692 sunt
973 2653 1011 2679 et
1031 2644 1138 2684 haec,
1167 2643 1252 2678 satis
1272 2641 1414 2692 proba-

86 2703 217 2745 „mina
246 2701 317 2753 sua
348 2715 429 2739 uon
453 2702 581 2739 suut-‘⁶
776 2700 922 2738 biliter.
965 2700 1056 2736 effa
1072 2726 1084 2743 ‚
1108 2706 1154 2746 4,
1177 2706 1243 2744 25.

914 2770 1006 2806 X2
