1586 2990
219 210 326 265 3390-
534 195 607 242 Μ.
627 227 629 229 ·
650 197 782 242 FAB.
825 195 1225 257 QUINTILIANI

222 321 376 370 ullam
398 320 780 386 reprehendatis.
855 317 957 367 Sed
976 335 1118 368 nunc
1142 320 1284 370 aliud
1306 320 1510 379 volunt,

221 407 283 445 ut
301 398 470 446 omnis
484 395 656 444 sensus
675 397 734 451 in
759 392 863 442 fine
884 392 1133 442 sermonis
1155 393 1303 443 feriat
1320 412 1509 445 aurem.

161 488 209 526 14
222 476 399 536 Turpe
434 481 606 519 autem
639 487 694 516 ac
723 485 888 535 prope
917 467 1058 518 nefas
1099 468 1324 532 ducunt,
1357 469 1514 535 respi-

222 563 335 596 rare
365 547 478 595 ullo
510 546 657 602 loco,
706 545 797 608 qui
833 543 1249 592 acclamationem
1280 560 1388 592 non
1424 561 1514 609 pe-

222 623 375 670 tierit.
435 618 563 668 Inde
592 620 786 668 minuti
811 618 1147 684 corruptique
1172 617 1430 676 sensiculi,
1465 628 1516 667 et

223 707 363 745 extra
391 710 504 744 rem
538 695 700 760 petiti.
776 695 964 758 Neque
1001 690 1377 759 enimposs'unt
1412 703 1517 741 tam

222 772 416 819 multae
448 770 615 819 bonae
647 768 922 818 sententiae
955 767 1075 826 else,
1131 785 1287 833 quam
1327 766 1518 816 neceffe
1544 785 1546 788 ·

163 844 296 898 15est
317 846 531 902 *multae
570 843 666 893 fmt
703 843 967 893 clausulae.
1043 846 1151 897 Jam
1194 843 1318 892 haec
1360 845 1520 908 magis

222 937 363 971 nova
385 910 753 969 senteutiarum
774 937 971 986 genera.
1033 920 1123 969 Ex
1149 921 1426 982 inopinato.-
1462 928 1520 967 ut

225 996 356 1044 dixit
377 997 560 1046 Vibius
588 995 802 1062 Crispus
830 997 890 1043 in
909 1011 1057 1052 eum,
1095 997 1212 1058 qui,
1251 1011 1371 1042 cum
1396 995 1521 1042 lori-

226 1081 367 1119 catus
387 1072 445 1119 in
469 1070 587 1120 foro
617 1071 930 1126 ambularet,
966 1069 1353 1134 praetendebat,
1391 1069 1447 1116 id
1470 1068 1520 1116 se

224 1157 372 1195 metu
394 1144 574 1203 facere,
618 1146 744 1217 Quis
767 1141 941 1214 cibific
959 1147 1131 1191 timere
1152 1140 1412 1212 permfit?
1457 1147 1545 1199 Et,

224 1219 487 1285 insigniter
509 1220 780 1270 Africanus
813 1219 953 1284 apud
977 1221 1246 1278 Neronem
1267 1219 1332 1268 de
1353 1229 1521 1267 morte

311 1371 425 1406 aliud.
474 1371 536 1405 Sic
560 1369 689 1404 Turio.
718 1369 819 1405 Flor.
848 1368 972 1412 Guelf.
1004 1370 1132 1417 Camp.
1155 1368 1272 1405 Goth.
1301 1368 1397 1407 Jens.
1428 1371 1523 1412 (tac.

229 1427 365 1468 Gesn.)
399 1438 485 1460 cum
517 1423 616 1460 Alm.
646 1425 747 1461 Voss'.
770 1436 806 1462 2.
837 1435 873 1459 et
893 1424 976 1459 edd.
997 1435 1080 1459 aute
1101 1423 1187 1458 Ald.
1226 1436 1303 1470 quo
1331 1436 1405 1460 acc.
1429 1422 1538 1459 Οὕτω

228 1480 386 1528 Reliqui
414 1481 505 1515 illud
526 1481 756 1526 coniectante
775 1480 909 1526 Regio.
1077 1486 1118 1513 ut
1139 1481 1256 1524 omnis
1279 1477 1415 1526 sensus.
1463 1478 1526 1512 Sic

230 1532 977 1582 Turic.Flor.(l1icap1umanu)Guelf.
1000 1547 1087 1570 cum
1106 1517 1223 1569 Gotli.
1248 1533 1347 1568 Alm.
1373 1533 1472 1569 Voff.
1488 1543 1523 1567 2.

229 1589 386 1637 Reliqui
422 1591 504 1638 post
545 1602 584 1624 ut
620 1589 788 1625 inserunt
824 1590 942 1624 omnis
978 1589 1087 1626 locus.
1151 1586 1526 1627 Voff.1.viciffim

231 1645 395 1684 omittit,
424 1656 467 1680 ut
486 1646 626 1684 fertur,
655 1642 921 1692 omnis.sensus

316 1706 378 1743 14.
418 1700 492 1735 ullo
523 1700 617 1735 loco.
675 1699 805 1734 Τωὶο.
849 1699 912 1733 illo
945 1698 969 1732 l.
1000 1711 1087 1733 cum
1114 1697 1213 1733 Alm.
1262 1710 1341 1733 non
1375 1696 1525 1746 proxsus

229 1754 339 1789 male.
477 1756 714 1802 corruptique.
758 1754 887 1788 Turic.
912 1755 1089 1799 corrupti,
1120 1767 1138 1786 a
1160 1754 1224 1787 sec.
1246 1765 1360 1788 manu
1388 1761 1424 1786 et
1450 1763 1526 1786 cor-

229 1810 327 1856 rupti
358 1818 393 1843 et
412 1810 459 1843 fic
480 1809 610 1856 Camp.
826 1809 951 1851 bonae.
1004 1807 1199 1843 Omittunt
1223 1806 1348 1842 Guelf.
1372 1817 1408 1842 et
1430 1805 1525 1842 Obr.

230 1864 329 1898 Mox
347 1865 476 1911 Camp.
501 1864 603 1897 inter
620 1859 669 1909 est
690 1872 726 1896 et
744 1862 878 1898 multae
895 1859 1025 1897 inserit
1047 1872 1097 1898 ut.

320 1925 382 1960 15.
414 1918 551 1954 Vibius.
602 1917 732 1952 Turic.
762 1916 864 1955 flor.
896 1915 1023 1952 bibius.
1048 1914 1125 1964 (cf.
1147 1915 1186 1958 6,
1206 1923 1245 1961 3.
1266 1916 1358 1960 75.)
1396 1915 1526 1963 Camp.

237 1973 376 2008 Urbius.

291 2089 352 2125 ²5·
386 2082 513 2117 Vibius
546 2081 701 2131 Crispus.
742 2081 788 2117 cf.
814 2087 851 2125 5,

236 2146 297 2180 ²3⁵
329 2144 391 2180 48·

284 2190 489 2238 Africanus.
507 2192 597 2227 Non
613 2192 746 2226 dubito
758 2192 852 2239 quin

229 2245 296 2281 hic
324 2247 367 2280 fit
395 2246 521 2283 Julius
544 2246 741 2281 Africanus
773 2259 853 2280 ora-

231 2310 294 2335 tor
326 2299 400 2344 (cf.
422 2312 482 2340 10,
508 2312 539 2340 ι,
567 2307 656 2344 ¹¹8·
702 2311 760 2340 12,
791 2313 852 2341 ιο,

237 2366 298 2390 10.
324 2368 388 2390 ιι.
415 2354 509 2388 item
537 2355 655 2389 Tacit.
676 2354 778 2389 Dial.
807 2355 853 2388 de

233 2420 342 2444 oratt.
373 2421 403 2444 c.
429 2409 540 2453 15.)‚
588 2421 700 2455 quem
729 2410 851 2444 Nero-

230 2463 337 2498 niani
360 2463 444 2499 aevi
465 2463 689 2498 demonstrat
708 2464 852 2497 dictum

233 2517 278 2552 de
302 2530 346 2552 eo
367 2517 488 2565 Crispi
512 2518 667 2552 Paffieni
692 2516 852 2552 relatum

230 2571 357 2607 Plinio
388 2572 532 2607 minori
554 2582 590 2615 7,
619 2573 656 2613 6,
683 2586 746 2607 11·
777 2572 851 2616 (cf.

228 2627 341 2662 nostr.
363 2627 399 2667 6,
425 2641 459 2667 ι,
482 2626 574 2675 50.)
615 2627 727 2674 Quod
750 2627 852 2661 enim

229 2681 402 2717 sextium
427 2681 650 2717 Africanum
678 2695 696 2716 a
719 2681 851 2716 Tacito

906 2091 1158 2117 memoratum
1197 2078 1331 2115 Annal.
1370 2087 1431 2122 ιδ,
1467 2090 1529 2126 ¹9·
1567 2074 1570 2076 ’

914 2143 975 2180 14,
1000 2137 1062 2179 46.
1091 2135 1168 2170 huc
1203 2133 1319 2170 trahit
1345 2135 1528 2168 Burman-

907 2204 1002 2231 nus,
1044 2191 1132 2238 quia
1162 2189 1367 2238 posteriore
1405 2188 1530 2222 Taciti

908 2245 995 2280 loco
1017 2245 1225 2280 Galliarum
1247 2244 1395 2278 censum
1416 2242 1529 2290 egiss'e

909 2300 1077 2339 dicatur,
1110 2298 1234 2333 levius
1257 2297 1431 2337 videtin,
1460 2309 1531 2332 nec

906 2355 948 2389 in
980 2367 1093 2402 opere
1123 2354 1188 2388 suo
1218 2354 1312 2400 Qu„
1356 2353 1384 2386 fi
1411 2351 1531 2388 alium

907 2409 952 2442 ab
987 2419 1135 2443 oratore
1172 2406 1402 2454 defignasset,
1446 2408 1528 2441 fim-

906 2462 1059 2510 pliciter
1085 2463 1137 2497 ita
1159 2474 1371 2508 cognomen
1388 2463 1529 2508 politu-

909 2531 973 2552 rus
994 2528 1081 2552 erat.
1137 2518 1210 2551 Pro
1237 2516 1336 2564 apud
1359 2515 1445 2567 iver.
1464 2527 1530 2548 au·

910 2583 985 2606 tem
1013 2571 1214 2619 legendum
1243 2571 1370 2605 censeo
1401 2569 1451 2603 ad
1480 2569 1530 2604 ΝΖ

910 2627 983 2671 (cf.
1003 2625 1196 2662 Drakenb.
1217 2624 1264 2659 ad
1292 2623 1380 2660 Liv.
1403 2631 1440 2667 5,
1467 2635 1529 2666 ιο,

910 2685 973 2726 5·)
