1586 2990
250 255 343 301 31ss
542 246 619 294 Μ.
661 248 793 294 FAB.
840 247 1246 308 QUtNTlLIANI

246 369 306 418 id
328 385 451 434 ago,
479 380 542 419 ut
566 386 735 418 unum
755 386 818 417 ex
838 371 1018 420 multis
1037 373 1358 438 intelligatur
1393 373 1546 435 (nam

246 443 306 493 id
337 444 408 492 est
442 443 831 508 manifestum),
868 445 956 494 sed
975 463 1170 496 nomen
1190 450 1436 498 immuto:
1477 457 1543 505 et,

248 536 369 567 cum
417 530 592 580 aur-ata
634 530 787 578 tecta,
841 539 1026 579 aurea,
1077 521 1326 588 pusillum
1355 539 1544 577 atvero

247 594 474 650 discedo,
498 597 620 658 quia
637 611 747 643 non
774 594 846 644 est
863 595 956 644 nist
975 614 1090 662 pars
1111 607 1358 646 auratum.
1400 601 1543 665 Quae

246 668 445 732 lingula
477 671 689 734 exequi,
734 673 1034 722 minutioris
1073 671 1146 720 est
1170 689 1350 729 curae,
1389 673 1546 719 etiam.

177 763 230 803 29
249 761 359 792 non
393 755 652 802 oratorem
686 744 1088 798 instituentibus.
1163 745 1547 818 Autonomafia,

243 887 305 921 etfi
338 886 536 928 imitante,
579 888 754 924 Gesnero.
793 887 894 924 Alm.
928 888 1054 938 aliqua
1079 889 1220 925 horum
1248 889 1334 924 dare
1356 898 1542 928 narratur,
1567 897 1569 901 ’

238 953 319 976 non
341 943 491 984 omnim
521 943 609 978 falso
630 943 816 992 profecto.
845 945 937 980 Non
959 945 1071 981 credo
1092 946 1161 980 effe
1182 945 1274 980 haec
1294 945 1336 979 in
1354 943 1435 979 ullo
1459 940 1542 977 MS'.

322 1011 453 1032 nomen
493 1001 655 1034 immuto.
713 999 843 1036 Turic.
885 999 986 1035 Flor.
1016 1013 1147 1036 nomen
1187 1001 1301 1034 multa
1324 1011 1411 1034 cum
1439 997 1540 1033 Alm.

239 1066 260 1087 a
294 1053 361 1087 sec..
393 1066 508 1089 manu
540 1065 700 1101 uterque
752 1057 900 1089 nomina
938 1055 1051 1091 multa
1086 1067 1123 1092 et
1161 1056 1207 1091 fic
1245 1054 1370 1090 Guelf.
1410 1055 1541 1101 Camp-

237 1107 312 1142 Sed
335 1110 483 1143 nomina
504 1117 601 1143 muto
638 1109 754 1144 Goth.
776 1109 880 1147 Voss'.
904 1119 939 1145 2.
1135 1117 1181 1150 et,
1202 1123 1292 1146 cum.
1322 1110 1386 1146 Sic
1406 1109 1539 1145 Tutic.

236 1161 340 1197 Flor.
383 1165 429 1205 (a
459 1176 515 1210 pr.
550 1177 665 1198 manu
703 1166 904 1211 uterque).
955 1164 1113 1212 Reliqui
1142 1174 1183 1199 ut
1209 1179 1236 1199 c.

231 1216 233 1221 ’
317 1232 342 1251 a
363 1231 460 1253 vero.
491 1219 552 1253 Sic
573 1218 689 1255 Goth.
712 1219 815 1258 Voff.
838 1230 872 1254 2.
903 1219 1002 1257 Vall.
1033 1233 1120 1254 cum
1143 1219 1226 1256 edd.
1251 1232 1271 1253 a
1293 1218 1412 1254 Badio
1434 1217 1538 1253 inde.

233 1271 394 1319 Reliqui
414 1273 460 1306 ab
481 1286 536 1310 eo.
755 1271 803 1320 est
825 1273 891 1322 nifi
907 1287 1003 1322 pars.
1059 1275 1188 1310 Turio.
1213 1273 1314 1309 Flor.
1351 1271 1420 1322 effe
1438 1285 1539 1320 pars,

236 1338 274 1362 et
310 1327 411 1362 Ahn.
454 1327 499 1360 ἑέ
524 1340 622 1374 pars.
682 1326 751 1362 Ille
784 1341 802 1361 a
832 1329 898 1362 sec.
923 1342 1040 1363 manu
1072 1326 1120 1375 eft
1145 1342 1232 1376 pars
1264 1330 1381 1362 et>s1c
1411 1326 1537 1362 Guelf.

235 1383 366 1429 Camp.
395 1395 481 1417 eum
513 1381 630 1419 Goth.
653 1383 757 1422 Vols.
787 1393 823 1418 2.
862 1393 898 1418 et
923 1383 1006 1418 edd.
1031 1393 1116 1418 ante
1133 1383 1224 1418 Bad.
1247 1394 1325 1430 quo
1346 1394 1421 1417 acc.
1442 1381 1537 1416 Obr.

232 1437 267 1471 E
294 1436 394 1474 Vall.
429 1450 582 1485 quoque
613 1437 773 1485 ponitur
796 1436 884 1487 nist,
917 1438 1022 1485 quod
1040 1438 1163 1487 ipsum
1185 1436 1335 1473 fortall‘e
1354 1449 1429 1471 una
1449 1448 1538 1471 cum

234 1489 285 1539 est
307 1491 397 1527 latet
416 1493 457 1527 in
476 1492 721 1527 vetustiffimo
744 1492 815 1528 illo
838 1491 918 1541 effe.
1111 1501 1294 1528 auratum.
1321 1491 1385 1528 sic
1403 1491 1536 1526 Turio.

233 1547 337 1582 Flor.
360 1561 446 1584 cum
471 1547 572 1583 Alm.
596 1549 692 1586 Jeus.
714 1558 750 1583 et
771 1548 854 1582 edd.
874 1548 1148 1596 posterioribus
1166 1558 1249 1583 ante
1273 1546 1435 1583 Chouet.
1455 1558 1538 1595 exe?

232 1601 320 1638 Ald.
349 1603 418 1650 qui
449 1612 489 1637 ut
518 1611 656 1638 aurata.
688 1605 768 1638 Sec.
790 1604 919 1638 Turic.
944 1615 980 1639 et
1011 1603 1112 1639 Flor.
1133 1616 1267 1638 manus
1289 1610 1480 1637 auraturae
1499 1611 1537 1636 et

232 1658 282 1692 fic
313 1657 437 1693 Guelf.
471 1660 601 1706 Camp.
631 1671 719 1693 cum
748 1658 863 1694 Goth.
892 1659 994 1696 Voss'.
1017 1669 1052 1694 2.
1086 1658 1198 1694 Solus
1219 1657 1313 1694 Obr.
1336 1658 1415 1692 auri
1435 1669 1537 1695 aura,

231 1712 330 1748 mira
383 1713 615 1748 immutandi
662 1714 854 1750 vecordia.
918 1713 1076 1761 Reliqui
1121 1721 1262 1749 aurata.
1553 1735 1566 1753 v

305 1767 455 1817 singula
484 1770 621 1816 exequi.
665 1768 726 1802 Sic
757 1769 873 1804 Goth.
914 1771 1009 1812 (tac.
1040 1769 1174 1811 Gesn.)
1214 1769 1342 1815 Camp.
1365 1764 1537 1816 fingulae

234 1835 349 1871 neque
405 1823 534 1857 Turio.
569 1822 670 1857 Flor.
709 1822 835 1858 Guelf.
893 1823 1051 1870 Reliqui
1086 1822 1260 1870 persequi.

317 1879 352 1912 in
371 1878 590 1911 cituentIhus.
621 1878 683 1912 Sic
714 1878 828 1913 Goth.
862 1880 958 1922 (tac.
982 1879 1116 1921 Gesn.)
1147 1878 1276 1924 Camp.
1299 1888 1385 1910 eum
1408 1873 1492 1909 edd.
1513 1887 1534 1909 a

233 1927 383 1980 GryPh.
423 1932 512 1966 inde
553 1942 637 1967 ante
677 1932 772 1968 Obr.
811 1932 970 1980 Reliqui
999 1930 1270 1979 instruentibus,
1301 1942 1466 1979 quorum
1498 1939 1536 1964 et

231 1988 334 2027 Voss'.
358 1996 395 2022 2.
426 1988 495 2021 ess'e
518 1987 660 2024 dicitur
690 1988 766 2032 (cf.
789 1994 825 2030 3,
851 1996 886 2030 3,
911 1994 970 2031 ²8·
1002 1999 1039 2035 9,
1061 1996 1096 2030 5,
1118 1988 1212 2033 77.)
1241 1985 1331 2021 vide
1352 1988 1385 2031 §.
1408 1994 1446 2021 2.

319 2054 384 2089 29.
411 2041 689 2090 Autonomafia.
736 2043 797 2077 Sic
829 2042 907 2077 latt.
938 2042 1013 2077 litt.
1038 2053 1073 2076 et
1094 2041 1223 2089 scripti
1248 2050 1285 2075 et
1305 2041 1427 2074 excusi
1448 2049 1534 2074 anto

228 2097 315 2134 Ald.
378 2098 473 2132 Mox
502 2096 651 2146 aliquot
669 2098 780 2133 etiam
802 2096 892 2133 ἀντω
913 2097 1099 2132 indociles
1121 2094 1430 2144 Capperonnerio
1449 2106 1532 2129 mo·

227 2153 347 2188 nenti.

283 2260 370 2280 nam
429 2247 468 2280 id
516 2243 565 2293 ⁸st
612 2241 851 2293 manifestum.
909 2254 972 2280 tur
997 2255 1034 2280 et
1063 2244 1127 2278 hic
1155 2242 1388 2290 synecdoche
1418 2239 1551 2290 quae-⁷

226 2301 353 2337 Nemo
383 2314 551 2349 unquam
571 2301 699 2349 plures
720 2302 760 2335 in
783 2300 853 2334 hu·
911 2299 1016 2340 dam,
1057 2312 1144 2334 cum
1176 2298 1249 2333 toti
1271 2309 1370 2334 tecto
1391 2298 1529 2334 tribui-

226 2368 340 2390 mano
364 2369 428 2391 ore
450 2355 578 2391 vultus
600 2357 780 2403 agnovit,
810 2364 853 2389 ut
909 2365 971 2389 tur
982 2355 1086 2402 quod
1100 2353 1270 2399 ejusdem
1285 2354 1529 2400 nonnifipars

224 2423 304 2446 non
323 2411 434 2459 poffit
446 2410 523 2445 dici
534 2410 597 2445 hic
612 2422 742 2458 tropus
763 2422 851 2445 vera
909 2409 966 2444 est.
1031 2413 1234 2446 Amatur-ae
1283 2407 1528 2454 vocabulum,

224 2467 294 2500 effe
327 2465 569 2512 synecdoche,
600 2478 694 2512 quae
722 2465 851 2499 locum
909 2464 1013 2511 quod
1035 2465 1110 2500 hoc
1130 2475 1206 2498 uno
1223 2463 1296 2498 niti
1315 2461 1402 2498 loco
1421 2462 1528 2497 vide·

222 2522 371 2555 nonnifi
392 2531 473 2555 tum
497 2520 621 2560 habet,
652 2533 738 2554 cum
762 2533 850 2567 pro·
907 2520 1038 2560 batur,
1068 2519 1191 2554 afferit
1221 2517 1456 2553 Porcelh'nus
1480 2527 1529 2554 ex

219 2577 304 2624 prie
325 2577 479 2624 polsuut
507 2574 677 2622 intelligi
698 2573 820 2623 plura.
905 2574 1031 2622 lapide
1044 2575 1174 2609 Grute]
1183 2573 1271 2607 iano
1284 2586 1322 2621 p.
1337 2579 1425 2616 535.
1439 2585 1474 2606 ιι.
1489 2579 1524 2614 4.

277 2645 407 2666 nomen
431 2634 592 2666 immuto.
615 2631 661 2666 cf.
677 2637 713 2674 8,
728 2639 764 2673 3,
785 2641 846 2676 19.
962 2640 1024 2677 29.
1053 2627 1323 2677 Antonomafia.
1362 2626 1408 2661 cf.
1431 2627 1467 2666 6,
1488 2634 1523 2668 ὅ.

225 2701 260 2729 ι,
286 2695 323 2729 5,
348 2692 410 2729 42.
905 2685 967 2732 69.
1018 2682 1201 2730 Exempla
1254 2680 1526 2730 antonomasiae

273 2743 359 2791 quia
380 2759 433 2768 -—
454 2747 638 2778 auratum.
684 2739 746 2775 13st
771 2739 845 2789 igi-
899 2751 970 2789 per
998 2739 1196 2787 epitheton
1217 2737 1332 2774 factae
1355 2748 1401 2771 ex
1422 2747 1522 2772 com·
1556 2750 1558 2753 ·
