<?xml version="1.0" encoding="UTF-8"?>
<!DOCTYPE html PUBLIC "-//W3C//DTD XHTML 1.0 Transitional//EN"
    "http://www.w3.org/TR/xhtml1/DTD/xhtml1-transitional.dtd">
<html xmlns="http://www.w3.org/1999/xhtml" xml:lang="en" lang="en">
 <head>
  <title>
</title>
<meta http-equiv="Content-Type" content="text/html;charset=utf-8" />
  <meta name='ocr-system' content='tesseract 3.04.00' />
  <meta name='ocr-capabilities' content='ocr_page ocr_carea ocr_par ocr_line ocrx_word'/>
</head>
<body>
  <div class='ocr_page' id='page_1' title='image "./lexiconquintilia03bonnuoft_0037.png"; bbox 0 0 1586 2990; ppageno 0'>
   <div class='ocr_carea' id='block_1_1' title="bbox 263 217 1455 292">
    <p class='ocr_par' dir='ltr' id='par_1_1' title="bbox 263 217 1455 292">
     <span class='ocr_line' id='line_1_1' title="bbox 263 217 1455 292; baseline -0.003 -12"><span class='ocrx_word' id='word_1_1' title='bbox 263 217 266 221; x_wconf 82' lang='grc'><strong>’</strong></span> <span class='ocrx_word' id='word_1_2' title='bbox 332 236 524 284; x_wconf 83' lang='lat' dir='ltr'>‚1NsT.</span> <span class='ocrx_word' id='word_1_3' title='bbox 559 234 847 281; x_wconf 79' lang='lat' dir='ltr'><strong>ORATOR.</strong></span> <span class='ocrx_word' id='word_1_4' title='bbox 890 234 1011 278; x_wconf 78' lang='lat' dir='ltr'>Lm.</span> <span class='ocrx_word' id='word_1_5' title='bbox 1048 234 1156 290; x_wconf 82' lang='lat' dir='ltr'>vn,</span> <span class='ocrx_word' id='word_1_6' title='bbox 1196 247 1237 278; x_wconf 88' lang='lat'>1.</span> <span class='ocrx_word' id='word_1_7' title='bbox 1397 245 1455 292; x_wconf 81' lang='lat'>19</span> 
     </span>
    </p>
   </div>
   <div class='ocr_carea' id='block_1_2' title="bbox 39 358 1528 1424">
    <p class='ocr_par' dir='ltr' id='par_1_2' title="bbox 39 358 1528 1424">
     <span class='ocr_line' id='line_1_2' title="bbox 105 358 1453 430; baseline -0.004 -16"><span class='ocrx_word' id='word_1_8' title='bbox 105 375 237 430; x_wconf 70' lang='lat' dir='ltr'>‘quo</span> <span class='ocrx_word' id='word_1_9' title='bbox 263 361 502 429; x_wconf 88' lang='lat' dir='ltr'>quidque</span> <span class='ocrx_word' id='word_1_10' title='bbox 524 361 643 410; x_wconf 86' lang='lat' dir='ltr'>loco</span> <span class='ocrx_word' id='word_1_11' title='bbox 669 358 775 408; x_wconf 85' lang='lat' dir='ltr'>dici</span> <span class='ocrx_word' id='word_1_12' title='bbox 803 358 1056 425; x_wconf 83' lang='lat' dir='ltr'>expediat,</span> <span class='ocrx_word' id='word_1_13' title='bbox 1082 359 1453 410; x_wconf 81' lang='lat' dir='ltr'>ordinandum.</span> 
     </span>
     <span class='ocr_line' id='line_1_3' title="bbox 125 435 1458 506; baseline -0.004 -15"><span class='ocrx_word' id='word_1_14' title='bbox 125 444 189 490; x_wconf 81' lang='lat' dir='ltr'>In</span> <span class='ocrx_word' id='word_1_15' title='bbox 210 458 318 506; x_wconf 91' lang='lat' dir='ltr'>quo</span> <span class='ocrx_word' id='word_1_16' title='bbox 343 456 456 489; x_wconf 90' lang='lat' dir='ltr'>non</span> <span class='ocrx_word' id='word_1_17' title='bbox 480 437 625 486; x_wconf 88' lang='lat' dir='ltr'>idem</span> <span class='ocrx_word' id='word_1_18' title='bbox 649 436 839 495; x_wconf 81' lang='lat' dir='ltr'>sentio,</span> <span class='ocrx_word' id='word_1_19' title='bbox 881 437 1029 501; x_wconf 90' lang='lat' dir='ltr'>quod</span> <span class='ocrx_word' id='word_1_20' title='bbox 1053 435 1119 484; x_wconf 88' lang='lat' dir='ltr'>de</span> <span class='ocrx_word' id='word_1_21' title='bbox 1141 436 1458 502; x_wconf 76' lang='lat' dir='ltr'>propositio-</span> 
     </span>
     <span class='ocr_line' id='line_1_4' title="bbox 39 513 1458 582; baseline -0.004 -15"><span class='ocrx_word' id='word_1_22' title='bbox 39 518 288 568; x_wconf 81' lang='lat' dir='ltr'>584nibus</span> <span class='ocrx_word' id='word_1_23' title='bbox 330 516 497 582; x_wconf 29' lang='lat' dir='ltr'>paulo,</span> <span class='ocrx_word' id='word_1_24' title='bbox 535 524 677 573; x_wconf 82' lang='lat' dir='ltr'>ante,</span> <span class='ocrx_word' id='word_1_25' title='bbox 728 513 981 579; x_wconf 86' lang='lat' dir='ltr'>quodque</span> <span class='ocrx_word' id='word_1_26' title='bbox 1029 513 1096 562; x_wconf 88' lang='lat' dir='ltr'>de</span> <span class='ocrx_word' id='word_1_27' title='bbox 1138 515 1458 578; x_wconf 69' lang='lat' dir='ltr'>aifgumentis</span> 
     </span>
     <span class='ocr_line' id='line_1_5' title="bbox 128 590 1457 661; baseline -0.003 -18"><span class='ocrx_word' id='word_1_28' title='bbox 128 594 504 661; x_wconf 83' lang='lat' dir='ltr'>probationum</span> <span class='ocrx_word' id='word_1_29' title='bbox 557 593 677 640; x_wconf 90' lang='lat' dir='ltr'>loco</span> <span class='ocrx_word' id='word_1_30' title='bbox 728 590 962 648; x_wconf 83' lang='lat' dir='ltr'>concessi,</span> <span class='ocrx_word' id='word_1_31' title='bbox 1023 590 1308 654; x_wconf 85' lang='lat' dir='ltr'>aliquando</span> <span class='ocrx_word' id='word_1_32' title='bbox 1359 607 1457 639; x_wconf 85' lang='lat' dir='ltr'>nos</span> 
     </span>
     <span class='ocr_line' id='line_1_6' title="bbox 129 666 1524 736; baseline -0.003 -16"><span class='ocrx_word' id='word_1_33' title='bbox 129 672 363 736; x_wconf 83' lang='lat' dir='ltr'>incipere</span> <span class='ocrx_word' id='word_1_34' title='bbox 407 686 435 717; x_wconf 87' lang='lat' dir='ltr'>a</span> <span class='ocrx_word' id='word_1_35' title='bbox 480 667 818 718; x_wconf 82' lang='lat' dir='ltr'>firmioribus.</span> <span class='ocrx_word' id='word_1_36' title='bbox 896 669 1037 715; x_wconf 84' lang='lat' dir='ltr'>Nam</span> <span class='ocrx_word' id='word_1_37' title='bbox 1078 669 1159 716; x_wconf 86' lang='lat' dir='ltr'>vis</span> <span class='ocrx_word' id='word_1_38' title='bbox 1200 666 1524 732; x_wconf 79' lang='lat' dir='ltr'>quaestio-17</span> 
     </span>
     <span class='ocr_line' id='line_1_7' title="bbox 130 743 1461 812; baseline -0.004 -16"><span class='ocrx_word' id='word_1_39' title='bbox 130 764 264 796; x_wconf 87' lang='lat' dir='ltr'>num</span> <span class='ocrx_word' id='word_1_40' title='bbox 287 745 490 812; x_wconf 82' lang='lat' dir='ltr'>semper</span> <span class='ocrx_word' id='word_1_41' title='bbox 513 744 740 794; x_wconf 79' lang='lat' dir='ltr'>crescere</span> <span class='ocrx_word' id='word_1_42' title='bbox 762 744 932 802; x_wconf 84' lang='lat' dir='ltr'>debet,</span> <span class='ocrx_word' id='word_1_43' title='bbox 960 754 1010 792; x_wconf 86' lang='lat' dir='ltr'>et</span> <span class='ocrx_word' id='word_1_44' title='bbox 1032 744 1097 792; x_wconf 80' lang='lat' dir='ltr'>ad.</span> <span class='ocrx_word' id='word_1_45' title='bbox 1116 743 1461 809; x_wconf 68' lang='lat' dir='ltr'>potentissima</span> 
     </span>
     <span class='ocr_line' id='line_1_8' title="bbox 100 819 1462 889; baseline -0.001 -17"><span class='ocrx_word' id='word_1_46' title='bbox 100 887 102 889; x_wconf 64' lang='lat'>‚</span> <span class='ocrx_word' id='word_1_47' title='bbox 133 823 196 872; x_wconf 85' lang='lat' dir='ltr'>ab</span> <span class='ocrx_word' id='word_1_48' title='bbox 223 821 575 872; x_wconf 85' lang='lat' dir='ltr'>infirmiffimis</span> <span class='ocrx_word' id='word_1_49' title='bbox 601 823 906 887; x_wconf 85' lang='lat' dir='ltr'>pervenire,</span> <span class='ocrx_word' id='word_1_50' title='bbox 945 819 1051 870; x_wconf 85' lang='lat' dir='ltr'>five</span> <span class='ocrx_word' id='word_1_51' title='bbox 1074 819 1194 870; x_wconf 82' lang='lat' dir='ltr'>sunt</span> <span class='ocrx_word' id='word_1_52' title='bbox 1216 820 1462 882; x_wconf 64' lang='lat' dir='ltr'>&gt;ejusdem</span> 
     </span>
     <span class='ocr_line' id='line_1_9' title="bbox 134 887 1528 966; baseline -0.002 -18"><span class='ocrx_word' id='word_1_53' title='bbox 134 901 367 966; x_wconf 86' lang='lat' dir='ltr'>generis,</span> <span class='ocrx_word' id='word_1_54' title='bbox 406 897 511 947; x_wconf 83' lang='lat' dir='ltr'>sive</span> <span class='ocrx_word' id='word_1_55' title='bbox 543 897 748 948; x_wconf 75' lang='lat' dir='ltr'>diversi.</span> <span class='ocrx_word' id='word_1_56' title='bbox 797 935 800 938; x_wconf 87' lang='lat'>-</span> <span class='ocrx_word' id='word_1_57' title='bbox 826 898 962 951; x_wconf 83' lang='lat' dir='ltr'>Juris</span> <span class='ocrx_word' id='word_1_58' title='bbox 994 908 1171 946; x_wconf 86' lang='lat' dir='ltr'>autem</span> <span class='ocrx_word' id='word_1_59' title='bbox 1205 887 1461 962; x_wconf 68' lang='lat' dir='ltr'>quziestio-</span> <span class='ocrx_word' id='word_1_60' title='bbox 1480 915 1528 955; x_wconf 83' lang='lat'>18</span> 
     </span>
     <span class='ocr_line' id='line_1_10' title="bbox 132 973 1463 1038; baseline -0.002 -13"><span class='ocrx_word' id='word_1_61' title='bbox 132 993 228 1026; x_wconf 83' lang='lat' dir='ltr'>nes</span> <span class='ocrx_word' id='word_1_62' title='bbox 273 974 442 1024; x_wconf 85' lang='lat' dir='ltr'><strong>solent</strong></span> <span class='ocrx_word' id='word_1_63' title='bbox 481 973 578 1022; x_wconf 82' lang='lat' dir='ltr'>effe</span> <span class='ocrx_word' id='word_1_64' title='bbox 626 990 1015 1037; x_wconf 81' lang='lat' dir='ltr'>nonnunquam</span> <span class='ocrx_word' id='word_1_65' title='bbox 1051 990 1114 1021; x_wconf 88' lang='lat' dir='ltr'>ex</span> <span class='ocrx_word' id='word_1_66' title='bbox 1149 974 1264 1022; x_wconf 84' lang='lat' dir='ltr'>aliis</span> <span class='ocrx_word' id='word_1_67' title='bbox 1308 974 1463 1038; x_wconf 85' lang='lat' dir='ltr'>atque</span> 
     </span>
     <span class='ocr_line' id='line_1_11' title="bbox 135 1048 1461 1115; baseline -0.002 -15"><span class='ocrx_word' id='word_1_68' title='bbox 135 1054 250 1101; x_wconf 80' lang='lat' dir='ltr'>aliis</span> <span class='ocrx_word' id='word_1_69' title='bbox 287 1049 744 1100; x_wconf 81' lang='lat' dir='ltr'>conflictionibus:</span> <span class='ocrx_word' id='word_1_70' title='bbox 786 1049 909 1097; x_wconf 73' lang='lat' dir='ltr'>facti</span> <span class='ocrx_word' id='word_1_71' title='bbox 944 1048 1148 1113; x_wconf 82' lang='lat' dir='ltr'>semper</span> <span class='ocrx_word' id='word_1_72' title='bbox 1173 1049 1321 1097; x_wconf 83' lang='lat' dir='ltr'>idem</span> <span class='ocrx_word' id='word_1_73' title='bbox 1352 1049 1461 1115; x_wconf 83' lang='lat' dir='ltr'>spe-</span> 
     </span>
     <span class='ocr_line' id='line_1_12' title="bbox 137 1124 1462 1191; baseline 0 -15"><span class='ocrx_word' id='word_1_74' title='bbox 137 1139 298 1177; x_wconf 83' lang='lat' dir='ltr'>ctant:</span> <span class='ocrx_word' id='word_1_75' title='bbox 349 1129 408 1176; x_wconf 91' lang='lat' dir='ltr'>in</span> <span class='ocrx_word' id='word_1_76' title='bbox 445 1137 676 1191; x_wconf 86' lang='lat' dir='ltr'>utroque</span> <span class='ocrx_word' id='word_1_77' title='bbox 716 1143 906 1191; x_wconf 80' lang='lat' dir='ltr'>genere</span> <span class='ocrx_word' id='word_1_78' title='bbox 960 1124 1144 1174; x_wconf 79' lang='lat' dir='ltr'>similis</span> <span class='ocrx_word' id='word_1_79' title='bbox 1191 1125 1324 1176; x_wconf 87' lang='lat' dir='ltr'>ordo</span> <span class='ocrx_word' id='word_1_80' title='bbox 1377 1125 1462 1176; x_wconf 83' lang='lat' dir='ltr'>est.</span> 
     </span>
     <span class='ocr_line' id='line_1_13' title="bbox 134 1201 1468 1270; baseline -0.001 -16"><span class='ocrx_word' id='word_1_81' title='bbox 134 1205 238 1254; x_wconf 86' lang='lat' dir='ltr'>Sed</span> <span class='ocrx_word' id='word_1_82' title='bbox 273 1205 419 1270; x_wconf 84' lang='lat' dir='ltr'>prius</span> <span class='ocrx_word' id='word_1_83' title='bbox 459 1202 525 1252; x_wconf 86' lang='lat' dir='ltr'>de</span> <span class='ocrx_word' id='word_1_84' title='bbox 565 1201 930 1260; x_wconf 74' lang='lat' dir='ltr'>disfimilibus,</span> <span class='ocrx_word' id='word_1_85' title='bbox 985 1219 1047 1250; x_wconf 88' lang='lat' dir='ltr'>ex</span> <span class='ocrx_word' id='word_1_86' title='bbox 1086 1202 1283 1268; x_wconf 84' lang='lat' dir='ltr'>quibus</span> <span class='ocrx_word' id='word_1_87' title='bbox 1319 1202 1468 1252; x_wconf 86' lang='lat' dir='ltr'>infir-</span> 
     </span>
     <span class='ocr_line' id='line_1_14' title="bbox 135 1279 1468 1347; baseline 0 -17"><span class='ocrx_word' id='word_1_88' title='bbox 135 1280 418 1334; x_wconf 83' lang='lat' dir='ltr'>miffimum</span> <span class='ocrx_word' id='word_1_89' title='bbox 467 1279 708 1344; x_wconf 85' lang='lat' dir='ltr'>quidque</span> <span class='ocrx_word' id='word_1_90' title='bbox 756 1281 995 1346; x_wconf 82' lang='lat' dir='ltr'>primum</span> <span class='ocrx_word' id='word_1_91' title='bbox 1051 1281 1256 1328; x_wconf 83' lang='lat' dir='ltr'>tractari</span> <span class='ocrx_word' id='word_1_92' title='bbox 1310 1297 1468 1347; x_wconf 85' lang='lat' dir='ltr'>opor·-</span> 
     </span>
     <span class='ocr_line' id='line_1_15' title="bbox 137 1355 1469 1424; baseline -0.001 -16"><span class='ocrx_word' id='word_1_93' title='bbox 137 1368 224 1408; x_wconf 81' lang='lat' dir='ltr'>tet.</span> <span class='ocrx_word' id='word_1_94' title='bbox 299 1358 534 1424; x_wconf 85' lang='lat' dir='ltr'>Ideoque</span> <span class='ocrx_word' id='word_1_95' title='bbox 580 1355 831 1424; x_wconf 85' lang='lat' dir='ltr'>quasdam</span> <span class='ocrx_word' id='word_1_96' title='bbox 855 1414 858 1420; x_wconf 19' lang='lat'>⁵</span> <span class='ocrx_word' id='word_1_97' title='bbox 883 1355 1212 1424; x_wconf 79' lang='lat' dir='ltr'>quaestiones</span> <span class='ocrx_word' id='word_1_98' title='bbox 1248 1359 1469 1417; x_wconf 84' lang='lat' dir='ltr'>executi,</span> 
     </span>
    </p>
   </div>
   <div class='ocr_carea' id='block_1_3' title="bbox 142 1523 1472 1630">
    <p class='ocr_par' dir='ltr' id='par_1_3' title="bbox 142 1523 1472 1630">
     <span class='ocr_line' id='line_1_16' title="bbox 230 1523 1472 1576; baseline 0 -16"><span class='ocrx_word' id='word_1_99' title='bbox 230 1523 294 1562; x_wconf 84' lang='lat'>16.</span> <span class='ocrx_word' id='word_1_100' title='bbox 335 1525 514 1576; x_wconf 73' lang='lat' dir='ltr'>quodque.</span> <span class='ocrx_word' id='word_1_101' title='bbox 568 1525 700 1562; x_wconf 79' lang='lat' dir='ltr'>Turio.</span> <span class='ocrx_word' id='word_1_102' title='bbox 734 1538 754 1560; x_wconf 90' lang='lat' dir='ltr'>a</span> <span class='ocrx_word' id='word_1_103' title='bbox 782 1538 839 1574; x_wconf 86' lang='lat' dir='ltr'>pr.</span> <span class='ocrx_word' id='word_1_104' title='bbox 870 1538 988 1561; x_wconf 75' lang='lat' dir='ltr'>manu</span> <span class='ocrx_word' id='word_1_105' title='bbox 1012 1525 1121 1575; x_wconf 81' lang='lat' dir='ltr'>quod.</span> <span class='ocrx_word' id='word_1_106' title='bbox 1195 1558 1200 1562; x_wconf 90' lang='lat'><em>.</em></span> <span class='ocrx_word' id='word_1_107' title='bbox 1249 1538 1348 1562; x_wconf 75' lang='lat' dir='ltr'>conc.</span> <span class='ocrx_word' id='word_1_108' title='bbox 1380 1524 1472 1574; x_wconf 80' lang='lat' dir='ltr'><strong><em>aliq.</em></strong></span> 
     </span>
     <span class='ocr_line' id='line_1_17' title="bbox 142 1578 810 1630; baseline 0.003 -14"><span class='ocrx_word' id='word_1_109' title='bbox 142 1578 274 1616; x_wconf 77' lang='lat' dir='ltr'>Turio.</span> <span class='ocrx_word' id='word_1_110' title='bbox 303 1594 321 1616; x_wconf 83' lang='lat' dir='ltr'>a</span> <span class='ocrx_word' id='word_1_111' title='bbox 342 1595 401 1630; x_wconf 78' lang='lat' dir='ltr'>pr.</span> <span class='ocrx_word' id='word_1_112' title='bbox 424 1595 540 1616; x_wconf 81' lang='lat' dir='ltr'>mauu</span> <span class='ocrx_word' id='word_1_113' title='bbox 562 1582 695 1617; x_wconf 80' lang='lat' dir='ltr'>inserit</span> <span class='ocrx_word' id='word_1_114' title='bbox 716 1582 810 1618; x_wconf 86' lang='lat' dir='ltr'>loco.</span> 
     </span>
    </p>
   </div>
   <div class='ocr_carea' id='block_1_4' title="bbox 82 1636 1502 2356">
    <p class='ocr_par' dir='ltr' id='par_1_4' title="bbox 135 1636 1474 1968">
     <span class='ocr_line' id='line_1_18' title="bbox 232 1636 1472 1683; baseline 0 -11"><span class='ocrx_word' id='word_1_115' title='bbox 232 1646 293 1680; x_wconf 85' lang='lat'>17.</span> <span class='ocrx_word' id='word_1_116' title='bbox 334 1639 401 1672; x_wconf 86' lang='lat' dir='ltr'>vis.</span> <span class='ocrx_word' id='word_1_117' title='bbox 459 1638 556 1676; x_wconf 84' lang='lat' dir='ltr'>Jens.</span> <span class='ocrx_word' id='word_1_118' title='bbox 591 1640 677 1683; x_wconf 83' lang='lat' dir='ltr'>(tac.</span> <span class='ocrx_word' id='word_1_119' title='bbox 694 1638 821 1682; x_wconf 83' lang='lat' dir='ltr'>Gesn.)</span> <span class='ocrx_word' id='word_1_120' title='bbox 838 1639 902 1683; x_wconf 82' lang='lat' dir='ltr'>jus</span> <span class='ocrx_word' id='word_1_121' title='bbox 921 1651 1009 1674; x_wconf 87' lang='lat' dir='ltr'>cum</span> <span class='ocrx_word' id='word_1_122' title='bbox 1029 1636 1145 1674; x_wconf 74' lang='lat' dir='ltr'><strong>Tarv.</strong></span> <span class='ocrx_word' id='word_1_123' title='bbox 1163 1638 1259 1674; x_wconf 90' lang='lat' dir='ltr'>Loc.</span> <span class='ocrx_word' id='word_1_124' title='bbox 1285 1637 1472 1673; x_wconf 75' lang='lat' dir='ltr'>Nostrum</span> 
     </span>
     <span class='ocr_line' id='line_1_19' title="bbox 141 1693 1473 1743; baseline -0.002 -14"><span class='ocrx_word' id='word_1_125' title='bbox 141 1693 301 1734; x_wconf 77' lang='lat' dir='ltr'>Veneta,</span> <span class='ocrx_word' id='word_1_126' title='bbox 333 1704 371 1729; x_wconf 87' lang='lat' dir='ltr'>et</span> <span class='ocrx_word' id='word_1_127' title='bbox 398 1695 567 1729; x_wconf 81' lang='lat' dir='ltr'>correxit</span> <span class='ocrx_word' id='word_1_128' title='bbox 586 1694 742 1742; x_wconf 77' lang='lat' dir='ltr'>Regius.</span> <span class='ocrx_word' id='word_1_129' title='bbox 775 1693 821 1728; x_wconf 84' lang='lat' dir='ltr'>cf.</span> <span class='ocrx_word' id='word_1_130' title='bbox 847 1702 883 1737; x_wconf 88' lang='lat'>5,</span> <span class='ocrx_word' id='word_1_131' title='bbox 914 1708 974 1736; x_wconf 80' lang='lat'>10,</span> <span class='ocrx_word' id='word_1_132' title='bbox 1001 1703 1090 1738; x_wconf 80' lang='lat'>105.</span> <span class='ocrx_word' id='word_1_133' title='bbox 1222 1693 1369 1743; x_wconf 75' lang='lat' dir='ltr'>semper</span> <span class='ocrx_word' id='word_1_134' title='bbox 1402 1706 1473 1727; x_wconf 82' lang='lat' dir='ltr'>cre-</span> 
     </span>
     <span class='ocr_line' id='line_1_20' title="bbox 135 1746 1473 1798; baseline 0 -15"><span class='ocrx_word' id='word_1_135' title='bbox 135 1746 248 1798; x_wconf 82' lang='lat' dir='ltr'>scere.</span> <span class='ocrx_word' id='word_1_136' title='bbox 300 1749 431 1785; x_wconf 81' lang='lat' dir='ltr'>Turio.</span> <span class='ocrx_word' id='word_1_137' title='bbox 457 1749 582 1785; x_wconf 85' lang='lat' dir='ltr'>Guelf.</span> <span class='ocrx_word' id='word_1_138' title='bbox 603 1749 824 1798; x_wconf 78' lang='lat' dir='ltr'>pet-crescere</span> <span class='ocrx_word' id='word_1_139' title='bbox 845 1763 932 1785; x_wconf 88' lang='lat' dir='ltr'>cum</span> <span class='ocrx_word' id='word_1_140' title='bbox 948 1750 1065 1786; x_wconf 85' lang='lat' dir='ltr'><strong>Goth.</strong></span> <span class='ocrx_word' id='word_1_141' title='bbox 1089 1751 1194 1788; x_wconf 84' lang='lat' dir='ltr'>Voff.</span> <span class='ocrx_word' id='word_1_142' title='bbox 1218 1762 1255 1786; x_wconf 89' lang='lat' dir='ltr'>et</span> <span class='ocrx_word' id='word_1_143' title='bbox 1278 1750 1363 1785; x_wconf 85' lang='lat' dir='ltr'>edd.</span> <span class='ocrx_word' id='word_1_144' title='bbox 1388 1759 1473 1784; x_wconf 76' lang='lat' dir='ltr'>anto</span> 
     </span>
     <span class='ocr_line' id='line_1_21' title="bbox 145 1804 1473 1855; baseline 0.001 -14"><span class='ocrx_word' id='word_1_145' title='bbox 145 1804 294 1853; x_wconf 81' lang='lat' dir='ltr'><strong>Gryph.</strong></span> <span class='ocrx_word' id='word_1_146' title='bbox 317 1817 397 1840; x_wconf 80' lang='lat' dir='ltr'>exo.</span> <span class='ocrx_word' id='word_1_147' title='bbox 421 1806 552 1853; x_wconf 78' lang='lat' dir='ltr'>Camp.</span> <span class='ocrx_word' id='word_1_148' title='bbox 578 1817 615 1841; x_wconf 88' lang='lat' dir='ltr'>et</span> <span class='ocrx_word' id='word_1_149' title='bbox 644 1806 735 1841; x_wconf 77' lang='lat' dir='ltr'><strong>Bad.</strong></span> <span class='ocrx_word' id='word_1_150' title='bbox 759 1807 826 1842; x_wconf 86' lang='lat' dir='ltr'>sec.</span> <span class='ocrx_word' id='word_1_151' title='bbox 860 1806 930 1854; x_wconf 85' lang='lat' dir='ltr'>qni</span> <span class='ocrx_word' id='word_1_152' title='bbox 957 1805 1108 1855; x_wconf 67' lang='lat' dir='ltr'>crescere</span> <span class='ocrx_word' id='word_1_153' title='bbox 1139 1820 1226 1842; x_wconf 86' lang='lat' dir='ltr'>cum</span> <span class='ocrx_word' id='word_1_154' title='bbox 1247 1805 1327 1842; x_wconf 70' lang='lat' dir='ltr'>Bal.</span> <span class='ocrx_word' id='word_1_155' title='bbox 1351 1805 1473 1842; x_wconf 81' lang='lat' dir='ltr'>Andr.</span> 
     </span>
     <span class='ocr_line' id='line_1_22' title="bbox 146 1860 1474 1913; baseline 0 -17"><span class='ocrx_word' id='word_1_156' title='bbox 146 1871 184 1896; x_wconf 84' lang='lat' dir='ltr'>et</span> <span class='ocrx_word' id='word_1_157' title='bbox 213 1860 523 1909; x_wconf 30' lang='lat' dir='ltr'>aliquot-Burni.</span> <span class='ocrx_word' id='word_1_158' title='bbox 561 1861 644 1897; x_wconf 84' lang='lat' dir='ltr'>edd.</span> <span class='ocrx_word' id='word_1_159' title='bbox 671 1861 817 1910; x_wconf 78' lang='lat' dir='ltr'>semper</span> <span class='ocrx_word' id='word_1_160' title='bbox 848 1863 1038 1897; x_wconf 77' lang='lat' dir='ltr'>verissime</span> <span class='ocrx_word' id='word_1_161' title='bbox 1071 1863 1286 1913; x_wconf 82' lang='lat' dir='ltr'>opponitur</span> <span class='ocrx_word' id='word_1_162' title='bbox 1321 1874 1474 1911; x_wconf 76' lang='lat' dir='ltr'>praece-</span> 
     </span>
     <span class='ocr_line' id='line_1_23' title="bbox 146 1915 1474 1968; baseline -0.001 -16"><span class='ocrx_word' id='word_1_163' title='bbox 146 1915 254 1952; x_wconf 78' lang='lat' dir='ltr'>denti</span> <span class='ocrx_word' id='word_1_164' title='bbox 280 1917 494 1967; x_wconf 82' lang='lat' dir='ltr'>aliquando.</span> <span class='ocrx_word' id='word_1_165' title='bbox 608 1927 750 1966; x_wconf 74' lang='lat' dir='ltr'>potent.</span> <span class='ocrx_word' id='word_1_166' title='bbox 776 1919 833 1957; x_wconf 72' lang='lat' dir='ltr'>ab·</span> <span class='ocrx_word' id='word_1_167' title='bbox 869 1919 999 1954; x_wconf 81' lang='lat' dir='ltr'>Turio.</span> <span class='ocrx_word' id='word_1_168' title='bbox 1023 1932 1041 1953; x_wconf 88' lang='lat' dir='ltr'>a</span> <span class='ocrx_word' id='word_1_169' title='bbox 1064 1932 1121 1967; x_wconf 84' lang='lat' dir='ltr'>pr.</span> <span class='ocrx_word' id='word_1_170' title='bbox 1142 1933 1261 1954; x_wconf 86' lang='lat' dir='ltr'>manu</span> <span class='ocrx_word' id='word_1_171' title='bbox 1280 1918 1413 1954; x_wconf 75' lang='lat' dir='ltr'>inserit</span> <span class='ocrx_word' id='word_1_172' title='bbox 1424 1916 1474 1968; x_wconf 80' lang='lat' dir='ltr'>fi·</span> 
     </span>
    </p>

    <p class='ocr_par' dir='ltr' id='par_1_5' title="bbox 82 1973 1502 2245">
     <span class='ocr_line' id='line_1_24' title="bbox 235 1973 1476 2020; baseline 0 -12"><span class='ocrx_word' id='word_1_173' title='bbox 235 1979 298 2018; x_wconf 79' lang='lat'>18.</span> <span class='ocrx_word' id='word_1_174' title='bbox 340 1973 644 2020; x_wconf 78' lang='lat' dir='ltr'>conflictioniIms.</span> <span class='ocrx_word' id='word_1_175' title='bbox 703 1975 766 2010; x_wconf 86' lang='lat' dir='ltr'>Sic</span> <span class='ocrx_word' id='word_1_176' title='bbox 790 1975 921 2009; x_wconf 74' lang='lat' dir='ltr'>Turio.</span> <span class='ocrx_word' id='word_1_177' title='bbox 946 1974 1072 2010; x_wconf 88' lang='lat' dir='ltr'>Guelf.</span> <span class='ocrx_word' id='word_1_178' title='bbox 1095 1974 1212 2012; x_wconf 84' lang='lat' dir='ltr'>Goth.</span> <span class='ocrx_word' id='word_1_179' title='bbox 1239 1977 1327 2020; x_wconf 82' lang='lat' dir='ltr'>(tac.</span> <span class='ocrx_word' id='word_1_180' title='bbox 1346 1974 1476 2017; x_wconf 79' lang='lat' dir='ltr'>Gesn.)</span> 
     </span>
     <span class='ocr_line' id='line_1_25' title="bbox 82 2028 1478 2078; baseline -0.001 -14"><span class='ocrx_word' id='word_1_181' title='bbox 82 2046 89 2054; x_wconf 76' lang='lat'><em>1</em></span> <span class='ocrx_word' id='word_1_182' title='bbox 147 2028 281 2077; x_wconf 79' lang='lat' dir='ltr'>Camp.</span> <span class='ocrx_word' id='word_1_183' title='bbox 306 2043 394 2065; x_wconf 88' lang='lat' dir='ltr'>cum</span> <span class='ocrx_word' id='word_1_184' title='bbox 414 2030 518 2066; x_wconf 68' lang='lat' dir='ltr'>Voss‘.</span> <span class='ocrx_word' id='word_1_185' title='bbox 536 2041 570 2066; x_wconf 85' lang='lat'>2.</span> <span class='ocrx_word' id='word_1_186' title='bbox 605 2041 642 2066; x_wconf 84' lang='lat' dir='ltr'>et</span> <span class='ocrx_word' id='word_1_187' title='bbox 660 2029 744 2066; x_wconf 82' lang='lat' dir='ltr'>edd.</span> <span class='ocrx_word' id='word_1_188' title='bbox 769 2041 854 2066; x_wconf 80' lang='lat' dir='ltr'>ante</span> <span class='ocrx_word' id='word_1_189' title='bbox 871 2030 964 2066; x_wconf 75' lang='lat' dir='ltr'><strong>Bad.</strong></span> <span class='ocrx_word' id='word_1_190' title='bbox 990 2043 1067 2078; x_wconf 89' lang='lat' dir='ltr'>quo</span> <span class='ocrx_word' id='word_1_191' title='bbox 1090 2044 1164 2066; x_wconf 80' lang='lat' dir='ltr'>aec.</span> <span class='ocrx_word' id='word_1_192' title='bbox 1191 2030 1288 2067; x_wconf 82' lang='lat' dir='ltr'>Obr.</span> <span class='ocrx_word' id='word_1_193' title='bbox 1315 2029 1478 2077; x_wconf 78' lang='lat' dir='ltr'>Reliqui</span> 
     </span>
     <span class='ocr_line' id='line_1_26' title="bbox 149 2083 1478 2134; baseline -0.005 -9"><span class='ocrx_word' id='word_1_194' title='bbox 149 2083 494 2130; x_wconf 64' lang='lat' dir='ltr'>wnfllctationilms‚</span> <span class='ocrx_word' id='word_1_195' title='bbox 524 2085 635 2123; x_wconf 71' lang='lat' dir='ltr'>male.</span> <span class='ocrx_word' id='word_1_196' title='bbox 665 2087 711 2122; x_wconf 84' lang='lat' dir='ltr'>cf.</span> <span class='ocrx_word' id='word_1_197' title='bbox 726 2095 763 2129; x_wconf 80' lang='lat'>3,</span> <span class='ocrx_word' id='word_1_198' title='bbox 778 2086 813 2126; x_wconf 88' lang='grc'>6,</span> <span class='ocrx_word' id='word_1_199' title='bbox 838 2092 859 2129; x_wconf 89' lang='lat'>5</span> <span class='ocrx_word' id='word_1_200' title='bbox 875 2086 952 2134; x_wconf 84' lang='lat' dir='ltr'><strong>sqq.</strong></span> <span class='ocrx_word' id='word_1_201' title='bbox 982 2087 1045 2121; x_wconf 81' lang='lat' dir='ltr'>sed</span> <span class='ocrx_word' id='word_1_202' title='bbox 1069 2097 1107 2122; x_wconf 83' lang='lat' dir='ltr'>et</span> <span class='ocrx_word' id='word_1_203' title='bbox 1126 2086 1192 2120; x_wconf 84' lang='lat' dir='ltr'>hic</span> <span class='ocrx_word' id='word_1_204' title='bbox 1215 2092 1278 2129; x_wconf 71' lang='grc'>54.</span> <span class='ocrx_word' id='word_1_205' title='bbox 1309 2085 1396 2120; x_wconf 74' lang='lat' dir='ltr'>Alia</span> <span class='ocrx_word' id='word_1_206' title='bbox 1420 2098 1478 2119; x_wconf 82' lang='lat' dir='ltr'>ra-</span> 
     </span>
     <span class='ocr_line' id='line_1_27' title="bbox 152 2139 1502 2189; baseline 0.001 -16"><span class='ocrx_word' id='word_1_207' title='bbox 152 2139 210 2173; x_wconf 82' lang='lat' dir='ltr'>tio</span> <span class='ocrx_word' id='word_1_208' title='bbox 235 2147 272 2182; x_wconf 78' lang='lat'>3,</span> <span class='ocrx_word' id='word_1_209' title='bbox 295 2146 331 2183; x_wconf 78' lang='lat'>8,</span> <span class='ocrx_word' id='word_1_210' title='bbox 359 2151 422 2186; x_wconf 86' lang='lat'>29.</span> <span class='ocrx_word' id='word_1_211' title='bbox 636 2140 817 2189; x_wconf 76' lang='lat' dir='ltr'>spectant.</span> <span class='ocrx_word' id='word_1_212' title='bbox 878 2142 1010 2176; x_wconf 72' lang='lat' dir='ltr'>Turio.</span> <span class='ocrx_word' id='word_1_213' title='bbox 1051 2141 1179 2177; x_wconf 86' lang='lat' dir='ltr'>Guelf.</span> <span class='ocrx_word' id='word_1_214' title='bbox 1224 2141 1341 2176; x_wconf 89' lang='lat' dir='ltr'>Goth.</span> <span class='ocrx_word' id='word_1_215' title='bbox 1379 2141 1502 2179; x_wconf 71' lang='lat' dir='ltr'>Jenn&#39;</span> 
     </span>
     <span class='ocr_line' id='line_1_28' title="bbox 153 2193 1480 2245; baseline 0.002 -15"><span class='ocrx_word' id='word_1_216' title='bbox 153 2194 249 2238; x_wconf 84' lang='lat' dir='ltr'>(tac.</span> <span class='ocrx_word' id='word_1_217' title='bbox 268 2195 404 2239; x_wconf 77' lang='lat' dir='ltr'>Gesn.)</span> <span class='ocrx_word' id='word_1_218' title='bbox 428 2193 576 2242; x_wconf 75' lang='lat' dir='ltr'>spectac</span> <span class='ocrx_word' id='word_1_219' title='bbox 599 2209 687 2231; x_wconf 86' lang='lat' dir='ltr'>cum</span> <span class='ocrx_word' id='word_1_220' title='bbox 709 2196 792 2232; x_wconf 86' lang='lat' dir='ltr'>edd.</span> <span class='ocrx_word' id='word_1_221' title='bbox 815 2208 899 2232; x_wconf 78' lang='lat' dir='ltr'>ante</span> <span class='ocrx_word' id='word_1_222' title='bbox 921 2196 1014 2232; x_wconf 80' lang='lat' dir='ltr'><strong>Bad.</strong></span> <span class='ocrx_word' id='word_1_223' title='bbox 1041 2209 1120 2232; x_wconf 75' lang='lat' dir='ltr'>exc·</span> <span class='ocrx_word' id='word_1_224' title='bbox 1145 2197 1275 2245; x_wconf 81' lang='lat' dir='ltr'><strong>Camp.</strong></span> <span class='ocrx_word' id='word_1_225' title='bbox 1307 2207 1344 2232; x_wconf 82' lang='lat' dir='ltr'>et</span> <span class='ocrx_word' id='word_1_226' title='bbox 1369 2196 1480 2232; x_wconf 84' lang='lat' dir='ltr'>Ruso.</span> 
     </span>
    </p>

    <p class='ocr_par' dir='ltr' id='par_1_6' title="bbox 153 2248 1482 2356">
     <span class='ocr_line' id='line_1_29' title="bbox 232 2248 1482 2302; baseline 0.003 -18"><span class='ocrx_word' id='word_1_227' title='bbox 232 2248 476 2299; x_wconf 70' lang='lat' dir='ltr'><em>dissimilibus.</em></span> <span class='ocrx_word' id='word_1_228' title='bbox 523 2251 649 2293; x_wconf 75' lang='lat' dir='ltr'>Guelf.</span> <span class='ocrx_word' id='word_1_229' title='bbox 673 2251 870 2302; x_wconf 70' lang='lat' dir='ltr'>similibus,</span> <span class='ocrx_word' id='word_1_230' title='bbox 904 2251 1016 2288; x_wconf 83' lang='lat' dir='ltr'>solus.</span> <span class='ocrx_word' id='word_1_231' title='bbox 1142 2253 1309 2302; x_wconf 78' lang='lat' dir='ltr'>quidque.</span> <span class='ocrx_word' id='word_1_232' title='bbox 1362 2252 1482 2289; x_wconf 77' lang='lat' dir='ltr'>Goth.</span> 
     </span>
     <span class='ocr_line' id='line_1_30' title="bbox 153 2305 1042 2356; baseline 0.004 -16"><span class='ocrx_word' id='word_1_233' title='bbox 153 2305 250 2350; x_wconf 81' lang='lat' dir='ltr'>(tac.</span> <span class='ocrx_word' id='word_1_234' title='bbox 273 2306 411 2350; x_wconf 83' lang='lat' dir='ltr'>Gesn.)</span> <span class='ocrx_word' id='word_1_235' title='bbox 443 2315 552 2356; x_wconf 77' lang='lat' dir='ltr'>atque</span> <span class='ocrx_word' id='word_1_236' title='bbox 577 2321 665 2343; x_wconf 89' lang='lat' dir='ltr'>cum</span> <span class='ocrx_word' id='word_1_237' title='bbox 687 2309 790 2348; x_wconf 81' lang='lat' dir='ltr'>Voff.</span> <span class='ocrx_word' id='word_1_238' title='bbox 808 2319 846 2344; x_wconf 85' lang='lat'>2.</span> <span class='ocrx_word' id='word_1_239' title='bbox 878 2308 924 2344; x_wconf 80' lang='lat' dir='ltr'>cf.</span> <span class='ocrx_word' id='word_1_240' title='bbox 950 2312 982 2356; x_wconf 53' lang='grc' dir='ltr'>ᾗ.</span> <span class='ocrx_word' id='word_1_241' title='bbox 1006 2320 1042 2356; x_wconf 88' lang='grc'>9.</span> 
     </span>
    </p>
   </div>
   <div class='ocr_carea' id='block_1_5' title="bbox 156 2433 1494 2822">
    <p class='ocr_par' dir='ltr' id='par_1_7' title="bbox 211 2433 1487 2486">
     <span class='ocr_line' id='line_1_31' title="bbox 211 2433 1487 2486; baseline 0.002 -17"><span class='ocrx_word' id='word_1_242' title='bbox 211 2433 276 2474; x_wconf 74' lang='grc'>16.</span> <span class='ocrx_word' id='word_1_243' title='bbox 305 2434 419 2483; x_wconf 83' lang='lat' dir='ltr'>paulo</span> <span class='ocrx_word' id='word_1_244' title='bbox 450 2444 548 2471; x_wconf 79' lang='lat' dir='ltr'>ante.</span> <span class='ocrx_word' id='word_1_245' title='bbox 607 2439 641 2486; x_wconf 80' lang='lat'>§.</span> <span class='ocrx_word' id='word_1_246' title='bbox 676 2449 739 2473; x_wconf 84' lang='lat'>10.</span> <span class='ocrx_word' id='word_1_247' title='bbox 854 2443 891 2481; x_wconf 81' lang='grc'>4,</span> <span class='ocrx_word' id='word_1_248' title='bbox 926 2446 991 2472; x_wconf 78' lang='lat'>21.</span> <span class='ocrx_word' id='word_1_249' title='bbox 1039 2447 1101 2478; x_wconf 78' lang='lat'>12,</span> <span class='ocrx_word' id='word_1_250' title='bbox 1129 2448 1191 2477; x_wconf 83' lang='lat'>10,</span> <span class='ocrx_word' id='word_1_251' title='bbox 1217 2442 1279 2481; x_wconf 78' lang='lat'>43.</span> <span class='ocrx_word' id='word_1_252' title='bbox 1312 2434 1487 2486; x_wconf 69' lang='lat' dir='ltr'>compost·</span> 
     </span>
    </p>

    <p class='ocr_par' dir='ltr' id='par_1_8' title="bbox 851 2492 1487 2539">
     <span class='ocr_line' id='line_1_32' title="bbox 851 2492 1487 2539; baseline -0.002 -12"><span class='ocrx_word' id='word_1_253' title='bbox 851 2495 960 2528; x_wconf 76' lang='lat' dir='ltr'>tionis</span> <span class='ocrx_word' id='word_1_254' title='bbox 984 2493 1094 2528; x_wconf 71' lang='lat' dir='ltr'>locas.</span> <span class='ocrx_word' id='word_1_255' title='bbox 1138 2493 1226 2539; x_wconf 82' lang='lat' dir='ltr'>Quo</span> <span class='ocrx_word' id='word_1_256' title='bbox 1250 2493 1380 2527; x_wconf 83' lang='lat' dir='ltr'>minus</span> <span class='ocrx_word' id='word_1_257' title='bbox 1402 2492 1487 2526; x_wconf 81' lang='lat' dir='ltr'>atti-</span> 
     </span>
    </p>

    <p class='ocr_par' dir='ltr' id='par_1_9' title="bbox 211 2544 1490 2594">
     <span class='ocr_line' id='line_1_33' title="bbox 211 2544 1490 2594; baseline 0.002 -15"><span class='ocrx_word' id='word_1_258' title='bbox 211 2544 472 2594; x_wconf 82' lang='lat' dir='ltr'>probationum</span> <span class='ocrx_word' id='word_1_259' title='bbox 499 2548 592 2584; x_wconf 86' lang='lat' dir='ltr'>loco.</span> <span class='ocrx_word' id='word_1_260' title='bbox 655 2555 690 2592; x_wconf 87' lang='lat'>5,</span> <span class='ocrx_word' id='word_1_261' title='bbox 727 2557 790 2591; x_wconf 88' lang='lat'>12,</span> <span class='ocrx_word' id='word_1_262' title='bbox 849 2548 964 2584; x_wconf 84' lang='lat' dir='ltr'>nebat</span> <span class='ocrx_word' id='word_1_263' title='bbox 1013 2547 1269 2583; x_wconf 78' lang='lat' dir='ltr'>Mosellanum</span> <span class='ocrx_word' id='word_1_264' title='bbox 1326 2548 1392 2583; x_wconf 82' lang='lat' dir='ltr'>hic</span> <span class='ocrx_word' id='word_1_265' title='bbox 1443 2546 1490 2583; x_wconf 86' lang='lat' dir='ltr'>de</span> 
     </span>
    </p>

    <p class='ocr_par' dir='ltr' id='par_1_10' title="bbox 163 2602 1491 2652">
     <span class='ocr_line' id='line_1_34' title="bbox 163 2602 1491 2652; baseline 0.002 -17"><span class='ocrx_word' id='word_1_266' title='bbox 163 2605 225 2644; x_wconf 74' lang='lat'>²4·</span> <span class='ocrx_word' id='word_1_267' title='bbox 265 2602 361 2638; x_wconf 84' lang='lat' dir='ltr'>Usus</span> <span class='ocrx_word' id='word_1_268' title='bbox 401 2604 584 2641; x_wconf 82' lang='lat' dir='ltr'>vocabuli</span> <span class='ocrx_word' id='word_1_269' title='bbox 614 2604 726 2651; x_wconf 15' lang='lat' dir='ltr'>locus?</span> <span class='ocrx_word' id='word_1_270' title='bbox 750 2606 794 2641; x_wconf 83' lang='lat' dir='ltr'>in</span> <span class='ocrx_word' id='word_1_271' title='bbox 851 2604 969 2652; x_wconf 80' lang='lat' dir='ltr'>gloss&#39;a</span> <span class='ocrx_word' id='word_1_272' title='bbox 992 2605 1174 2652; x_wconf 72' lang='lat' dir='ltr'>cogitare.</span> <span class='ocrx_word' id='word_1_273' title='bbox 1207 2603 1397 2639; x_wconf 81' lang='lat' dir='ltr'>Similiter</span> <span class='ocrx_word' id='word_1_274' title='bbox 1421 2604 1491 2648; x_wconf 86' lang='lat' dir='ltr'>(id</span> 
     </span>
    </p>

    <p class='ocr_par' dir='ltr' id='par_1_11' title="bbox 157 2655 1490 2709">
     <span class='ocr_line' id='line_1_35' title="bbox 157 2655 1490 2709; baseline 0.002 -18"><span class='ocrx_word' id='word_1_275' title='bbox 157 2655 382 2705; x_wconf 76' lang='lat' dir='ltr'>designanda</span> <span class='ocrx_word' id='word_1_276' title='bbox 421 2669 540 2696; x_wconf 81' lang='lat' dir='ltr'>certae</span> <span class='ocrx_word' id='word_1_277' title='bbox 581 2661 793 2697; x_wconf 83' lang='lat' dir='ltr'>institutio·</span> <span class='ocrx_word' id='word_1_278' title='bbox 853 2661 960 2709; x_wconf 85' lang='lat' dir='ltr'>quod</span> <span class='ocrx_word' id='word_1_279' title='bbox 992 2660 1078 2695; x_wconf 81' lang='lat' dir='ltr'>fieri</span> <span class='ocrx_word' id='word_1_280' title='bbox 1112 2660 1274 2708; x_wconf 78' lang='lat' dir='ltr'>negabat</span> <span class='ocrx_word' id='word_1_281' title='bbox 1303 2659 1399 2704; x_wconf 80' lang='lat' dir='ltr'>inc)</span> <span class='ocrx_word' id='word_1_282' title='bbox 1433 2660 1490 2694; x_wconf 75' lang='lat' dir='ltr'>di-</span> 
     </span>
    </p>

    <p class='ocr_par' dir='ltr' id='par_1_12' title="bbox 156 2715 1494 2822">
     <span class='ocr_line' id='line_1_36' title="bbox 156 2715 1494 2765; baseline 0.004 -18"><span class='ocrx_word' id='word_1_283' title='bbox 156 2723 252 2748; x_wconf 81' lang='lat' dir='ltr'>num</span> <span class='ocrx_word' id='word_1_284' title='bbox 287 2715 407 2762; x_wconf 80' lang='lat' dir='ltr'>partis</span> <span class='ocrx_word' id='word_1_285' title='bbox 445 2717 669 2753; x_wconf 80' lang='lat' dir='ltr'>tractatione</span> <span class='ocrx_word' id='word_1_286' title='bbox 714 2730 795 2753; x_wconf 85' lang='lat' dir='ltr'>non</span> <span class='ocrx_word' id='word_1_287' title='bbox 851 2718 947 2753; x_wconf 79' lang='lat' dir='ltr'>ferte</span> <span class='ocrx_word' id='word_1_288' title='bbox 986 2729 1057 2752; x_wconf 85' lang='lat' dir='ltr'>nos</span> <span class='ocrx_word' id='word_1_289' title='bbox 1092 2716 1139 2751; x_wconf 86' lang='lat' dir='ltr'>ad</span> <span class='ocrx_word' id='word_1_290' title='bbox 1165 2716 1295 2765; x_wconf 79' lang='lat' dir='ltr'>priora</span> <span class='ocrx_word' id='word_1_291' title='bbox 1326 2715 1494 2752; x_wconf 72' lang='lat' dir='ltr'>remittit</span> 
     </span>
     <span class='ocr_line' id='line_1_37' title="bbox 157 2767 980 2822; baseline 0.007 -18"><span class='ocrx_word' id='word_1_292' title='bbox 157 2767 384 2820; x_wconf 75' lang='lat' dir='ltr'>infrequens</span> <span class='ocrx_word' id='word_1_293' title='bbox 422 2773 549 2809; x_wconf 77' lang='lat' dir='ltr'>nostro</span> <span class='ocrx_word' id='word_1_294' title='bbox 559 2800 570 2817; x_wconf 95' lang='lat'>,</span> <span class='ocrx_word' id='word_1_295' title='bbox 618 2772 728 2809; x_wconf 80' lang='lat' dir='ltr'>velut</span> <span class='ocrx_word' id='word_1_296' title='bbox 757 2774 794 2814; x_wconf 84' lang='lat'>6,</span> <span class='ocrx_word' id='word_1_297' title='bbox 853 2777 886 2822; x_wconf 55' lang='grc' dir='ltr'>ᾖ.</span> <span class='ocrx_word' id='word_1_298' title='bbox 914 2782 980 2817; x_wconf 80' lang='lat'>31·</span> 
     </span>
    </p>
   </div>
   <div class='ocr_carea' id='block_1_6' title="bbox 957 2843 1044 2879">
    <p class='ocr_par' dir='ltr' id='par_1_13' title="bbox 957 2843 1044 2879">
     <span class='ocr_line' id='line_1_38' title="bbox 957 2843 1044 2879; baseline 0 0"><span class='ocrx_word' id='word_1_299' title='bbox 957 2843 1044 2879; x_wconf 70' lang='lat'>132</span> 
     </span>
    </p>
   </div>
  </div>
 </body>
</html>
