1586 2990
263 218 330 268 44
565 213 639 258 Μ.
675 213 804 259 FAB.
847 215 1256 276 QUINTILIAN!

264 333 464 398 aliquid
488 335 618 383 circa
643 346 838 400 patrem
863 340 1428 399 quaerimusffidictum
1451 361 1559 397 non

198 416 249 453 55
259 407 356 466 est3
399 410 494 458 Cui
521 414 631 473 quis
660 429 755 459 non
779 407 1015 481 affuerit,
1053 412 1259 466 exheres
1284 423 1390 468 erit.
1449 423 1560 471 Cur
1584 447 1586 450 ⁴

257 496 367 532 non
388 501 636 533 conamur
659 496 709 533 et
730 483 794 532 [ic
816 501 1074 548 quaerere,
1094 491 1270 550 Num,
1290 495 1578 560 cuicunque]

227 568 229 570 ’
257 577 354 607 non
385 555 639 630 affuerit?
695 562 929 610 Facimus
951 563 1221 630 hocsaepe
1253 569 1311 616 in
1339 570 1403 618 iis
1433 587 1556 619 con-

255 633 542 689 nevernis,
593 634 646 680 in
698 635 891 698 quibus
938 649 1186 702 petuntur
1224 643 1283 690 in
1328 645 1556 704 vincula,

255 710 351 773 qui
379 718 612 774 parentes
642 706 762 758 suos
794 726 906 759 non
939 714 1109 773 alunt,
1155 727 1219 765 ut
1249 734 1383 776 eam,
1422 737 1555 784 quae

252 849 386 893 Gern.)
415 849 653 898 reliquisque
686 851 770 888 edd.
801 863 893 889 ante·
913 853 1001 891 Ald.
1062 856 1239 892 Correxit
1273 860 1428 907 Regius.
1478 860 1554 896 Sed

250 905 417 939 :nostrum
448 905 562 940 Goth.
584 906 681 942 Vall.
706 909 836 956 Camp.
977 911 1011 944 d.
1035 923 1107 946 non
1125 908 1188 958 est.
1227 912 1288 948 Sic
1311 914 1441 950 Turio.
1463 927 1553 952 cum

248 958 348 995 Alm.
372 959 486 995 Goth.
510 960 611 1001 Voss',
636 971 670 996 2.
720 961 878 1010 Reliqui
899 963 934 999 d.
955 978 1039 1000 vero
1062 978 1089 1000 e.
1133 967 1227 1003 Obr.
1247 968 1283 1006 d.
1303 982 1431 1017 nempe
1450 978 1496 1005 et.

280 1015 283 1019 ’
334 1021 396 1056 55.
438 1014 549 1063 ecfic.
603 1017 655 1049 tta
687 1017 817 1051 anic.
846 1018 960 1054 Goth.
992 1021 1086 1056 Jens.
1129 1022 1225 1065 (tac.
1256 1023 1389 1068 Gesn.)
1421 1025 1552 1074 Camp.

248 1081 336 1106 cum
363 1067 463 1104 Ahn.
494 1079 530 1104 et
557 1069 639 1104 edd.
664 1081 747 1106 ante
768 1070 853 1106 Ald.
909 1073 1067 1122 Reliqui
1094 1088 1123 1110 e.
1157 1076 1222 1111 hic.
1266 1079 1395 1118 Turio.
1427 1089 1552 1115 tamen

247 1139 266 1160 a
297 1137 353 1172 pr.
384 1136 499 1158 manu
530 1137 558 1159 e.
578 1122 789 1173 fi.G11elf·
815 1126 860 1160 ab
889 1140 967 1162 uno
996 1123 1143 1176 afftierit
1171 1130 1216 1164 ad
1246 1131 1407 1168 alterum
1436 1132 1553 1170 lubet

245 1179 440 1219 lacunam,
481 1189 523 1214 ut
555 1189 591 1214 et
618 1180 721 1216 Voff.
743 1191 777 1215 2.
829 1182 900 1215 Sed
930 1183 1094 1230 suspicor
1122 1197 1142 1218 a
1170 1197 1230 1220 mc
1262 1186 1455 1223 turbatum
1478 1188 1549 1224 effe

245 1234 404 1282 aliquid,
430 1243 471 1268 ut
491 1246 561 1281 pro
583 1234 706 1270 Guelf.
728 1245 858 1270 notare
882 1232 1080 1272 debueriin
1102 1238 1215 1274 Goth.
1242 1241 1315 1286 (cf.
1336 1245 1369 1289 ᾖ.
1395 1253 1430 1278 2.
1453 1243 1550 1278 item

244 1287 316 1324 hac
337 1287 400 1336 ᾖ.)
458 1290 559 1322 Tum
579 1286 634 1338 fic
662 1301 733 1338 pro
764 1291 819 1324 hic
849 1292 954 1326 cedet
982 1293 1094 1328 etiam
1125 1293 1436 1343 Guelferbytano.

328 1344 436 1382 Num,
469 1345 671 1392 cuicunque.

242 1390 325 1434 cnim'
350 1400 454 1447 quis)
488 1411 575 1434 cum
603 1398 704 1436 Alm.

739 1345 868 1381 Tui-ic.
900 1359 972 1380 non
1002 1359 1146 1396 cumque
1167 1351 1214 1392 (a
1242 1351 1308 1385 sec.
1337 1364 1454 1386 manu
1475 1366 1548 1388 non

773 1401 860 1437 Non
890 1414 961 1448 pro
999 1416 1083 1436 num
1118 1403 1259 1439 habent
1299 1405 1411 1441 Tarv.
1451 1408 1546 1445 Loc.

241 1454 338 1491 Ven.
357 1454 465 1488 Rusc.
506 1452 578 1487 Sed
600 1453 712 1488 Tarv.
737 1455 833 1489 mire
854 1469 927 1491 non
949 1469 1027 1491 cum
1049 1459 1127 1506 quis
1150 1467 1242 1494 recte
1261 1473 1332 1494 non
1353 1460 1418 1509 affl
1449 1461 1546 1498 Obr.

242 1522 327 1544 num
356 1509 548 1555 cuicunque
573 1510 652 1555 quis
674 1523 745 1544 non
778 1509 844 1556 affi

327 1569 367 1597 ut
391 1576 481 1602 eam,
503 1575 604 1609 quae.
646 1563 707 1598 Sic
729 1563 927 1608 Turic.·(a
949 1578 1004 1614 pr.
1027 1567 1166 1612 manu)
1197 1579 1284 1602 cum
1302 1567 1401 1605 Alm.
1441 1579 1481 1604 ut
1502 1584 1546 1606 ea

241 1631 333 1666 quae
366 1617 490 1653 Guelf.
523 1618 653 1666 Camp.
685 1631 772 1654 cum
796 1619 911 1656 Goth.
943 1623 1016 1665 (ea
1038 1632 1116 1657 non
1143 1632 1250 1657 notat
1280 1623 1411 1669 Gesn.)
1444 1624 1544 1663 vall.

295 1714 385 1752 circa
394 1725 544 1764 patrem.
565 1719 715 1753 Poterat
725 1717 861 1766 aliquis

238 1783 381 1808 tentare
410 1780 533 1807 contra
554 1786 590 1818 p.
616 1773 714 1815 (vid.
735 1779 770 1815 5,
804 1782 861 1815 15,

239 1829 325 1872 28.)
382 1827 426 1862 cf.
459 1830 492 1872 §.
527 1834 590 1869 55.
628 1828 859 1875 apprehendi.

223 1882 311 1918 fied
338 1894 407 1917 nec
437 1894 544 1928 opus.

296 1944 357 1980 55.
401 1938 466 1971 Cui
491 1938 569 1984 quis·
594 1949 667 1971 non
702 1935 859 1983 affuerit.

236 1993 338 2026 Haec
351 2005 435 2026 cum
451 1993 492 2026 fit
506 1991 672 2026 constans
686 1992 859 2026 omnium

235 2046 424 2081 librorum
446 2046 638 2094 scriptura,
667 2059 687 2080 a
709 2046 860 2081 nemine

234 2101 357 2136 adhue
391 2100 592 2140 solicitata,
629 2113 708 2137 non
737 2111 860 2135 tamen

231 2156 428 2203 possumus
457 2155 498 2189 in
534 2169 575 2190 ea
616 2156 858 2203 acquiescere.

231 2211 291 2244 Ex
323 2223 396 2256 qua
428 2212 452 2244 fi
482 2208 583 2244 ullus
610 2210 729 2245 sensus
771 2210 859 2245 elici

231 2264 372 2313 potest,
402 2275 524 2310 neque
546 2263 668 2298 facilis
687 2263 753 2298 ille
775 2265 856 2303 erit,

232 2332 356 2366 neque
394 2318 567 2353 idoneus.
632 2319 856 2365 Legendum

231 2373 360 2408 censeo
384 2374 540 2421 quisquis
561 2386 594 2407 n.
623 2387 655 2407 α.
688 2373 733 2407 Id
754 2386 856 2408 nem-

231 2441 279 2476 pe
315 2428 518 2476 probatum
563 2427 638 2463 ivit
677 2428 855 2463 omnibus

230 2483 300 2522 iis,
342 2495 436 2530 quae
469 2482 591 2517 adhuc
633 2482 853 2530 disputavit.

230 2537 330 2573 Vide
358 2537 459 2571 mihi
482 2541 513 2583 ᾗ.
539 2544 601 2579 50.
628 2537 733 2584 Ergo
759 2539 853 2584 quis-

231 2593 312 2638 quis
342 2610 396 2618 --
425 2592 569 2627 exheres
604 2594 701 2627 eric?
757 2593 853 2626 Item

219 2648 263 2690 ·§.
297 2652 358 2688 58.
398 2646 651 2682 Mutationem
698 2646 852 2693 quidem

228 2699 437 2735 violentam
458 2712 570 2736 nemo
592 2701 742 2737 dixerit.

974 1718 1072 1754 Num
1089 1737 1143 1746 —
1161 1734 1234 1755 non
1253 1721 1410 1768 affuerit.
1442 1725 1543 1760 Con·

917 1774 1070 1820 sequens
1099 1774 1207 1822 plane
1239 1777 1305 1816 est,
1345 1777 1544 1826 postquam

918 1828 1194 1864 dubitationem
1219 1832 1414 1867 movimus
1431 1833 1474 1868 in
1496 1846 1542 1870 eo

918 1883 987 1930 qui
1001 1892 1087 1918 ‘non
1108 1885 1267 1924 affuerit,
1298 1897 1341 1921 ut
1358 1888 1434 1932 jam
1456 1901 1541 1925 ean·

918 1938 1003 1972 dem
1037 1949 1223 1974 tentemus
1244 1941 1286 1974 in
1305 1940 1446 1982 altero,
1476 1943 1542 1978 cui

917 1991 1076 2028 debebat
1116 1993 1234 2029 adeffe
1282 1995 1405 2031 idem(
1466 1997 1541 2032 Sed

917 2046 981 2083 hic
1029 2048 1178 2084 fortaffe
1227 2048 1365 2086 clarior
1411 2051 1542 2094 existat

915 2101 1105 2142 sententia,
1122 2104 1147 2137 fi
1167 2107 1228 2151 qui
1246 2105 1446 2140 inseramus
1458 2107 1540 2153 post

916 2159 1130 2205 cuicunque,
1172 2159 1242 2194 ubi
1267 2158 1446 2195 facillime
1478 2161 1537 2195 in-

915 2212 1131 2248 tercidebat.
1169 2214 1295 2258 Hujus
1321 2214 1423 2248 enim
1451 2215 1538 2250 aevi

911 2265 1112 2313 scriptores
1166 2269 1362 2316 quicunque
1416 2268 1537 2306 solent

911 2332 1052 2366 ponere
1089 2320 1264 2356 absolute.
1323 2323 1370 2358 cf.
1407 2334 1536 2358 notam

912 2374 994 2409 crit.
1022 2386 1113 2409 mox
1144 2375 1189 2410 ad
1213 2389 1359 2424 eumque
1381 2379 1455 2426 qui.

966 2429 1026 2477 qui
1042 2438 1209 2477 parentes
1224 2427 1314 2478 suos
1335 2445 1407 2468 non
1419 2432 1531 2483 aliant-

911 2483 956 2519 cf.
981 2491 1017 2526 5.
1041 2496 1101 2524 10,
1128 2495 1189 2531 97.

964 2546 1003 2572 ut
1031 2551 1121 2579 eam,
1152 2553 1243 2587 quae
1271 2559 1325 2567 —
1354 2541 1531 2576 vendidit.

909 2594 1032 2627 Reum
1052 2594 1331 2641 peregrinitatis
1350 2594 1533 2631 habemus

910 2647 1021 2682 etiam
1042 2649 1141 2694 apud
1154 2651 1305 2684 Sueton.
1322 2648 1452 2685 Claud.
1471 2645 1538 2692 15.>

909 2703 1071 2737 Matrem
1118 2714 1210 2739 vero
1255 2703 1371 2751 ipsam
1408 2704 1532 2739 civem
