1586 2990
276 120 439 169 INST.
497 119 774 168 ORATOR.
820 118 946 165 LIB.
981 118 1070 175 IX,
1114 132 1159 164 Ω.
1297 113 1397 177 ’403

60 252 348 315 ἀποστροφή,
391 249 527 298 mire
557 255 763 305 movet,
812 243 918 296 five
956 243 1279 295 adversarios
1311 245 1396 293 in-

37 327 338 385 .vadimus‚
400 326 544 400 Quid
579 328 710 374 enim
740 333 857 372 tuus
887 316 996 381 ille4
1063 324 1115 372 T
1111 319 1292 380 ubero,
1341 324 1395 370 in

60 407 174 465 acie
214 398 561 475 Pharsalica?
627 401 734 451 five
770 399 834 465 ad
867 401 1261 450 invocationem
1299 399 1394 447 ali-

63 498 225 547 quam
248 481 631 537 convertimur,
654 480 764 529 Vos
786 480 914 526 enim
927 476 1041 541 jam
1056 495 1173 546 ego,
1194 474 1393 527 Albani

61 558 246 608 tumuli
276 568 434 623 acque
465 557 588 605 luci.-
627 555 733 604 five
761 554 827 602 ad
858 553 1174 604 invidiosam
1197 554 1393 619 implo-

63 637 348 693 rationem,
413 635 461 685 0
493 634 636 703 leges
674 634 920 690 Porciae,
967 631 1208 701 legesque
1251 626 1393 679 Sem-

58 710 305 779 proniae!
365 710 467 760 Sed
517 711 607 758 illa
656 725 874 776 quoque
905 718 1127 759 vocatur
1169 704 1390 780 aversio,
1404 720 1457 759 59

64 806 200 854 quae
251 807 279 837 a
333 786 600 855 proposita
669 783 972 852 quaestione
1033 784 1248 835 abducit
1302 801 1396 835 au·

63 866 315 925 dientem,

129 966 234 1006 Non
255 980 330 1020 ego
352 980 445 1007 cum
464 965 642 1006 Danais
666 964 896 1023 Trojanam
916 962 1133 1005 excindere
1146 969 1310 1017 gentem

128 1034 281 1075 Aulide
312 1035 480 1093 juravi.
518 1056 581 1065 -—
618 1055 687 1063 —
1092 1026 1093 1029 ¹

61 1119 220 1188 Quod
269 1118 328 1168 fit
372 1130 423 1168 et
464 1120 651 1169 multis
691 1130 746 1168 et
786 1119 946 1169 variis
996 1117 1209 1185 figuris,
1267 1134 1392 1166 cum

61 1206 152 1244 aut
182 1196 330 1246 aliud
358 1195 636 1262 expectasse
667 1214 791 1255 nos,
854 1206 946 1245 aut
981 1199 1148 1256 majus
1187 1193 1392 1260 aliquid

59 1271 287 1322 timuiffe
333 1273 666 1332 fimulamus,
727 1283 820 1322 aut
861 1273 983 1338 plus
1025 1272 1199 1321 videri
1247 1268 1391 1337 poss'e

59 1350 456 1415 ignorantibus:
499 1351 654 1416 quale
678 1348 752 1398 est
772 1350 1113 1416 prooemium
1140 1366 1236 1414 pro
1258 1349 1394 1398 Coe-

58 1425 151 1476 lio.
227 1427 321 1475 Illa
345 1445 474 1477 vero
496 1430 592 1492 (ut
620 1428 690 1475 ait
712 1421 1050 1496 Cicero)sub
1077 1421 1387 1495 oculos-sub·
1402 1438 1454 1472 40

49 1502 206 1568 jectio
228 1514 343 1553 tum
367 1503 483 1553 fieri
505 1503 660 1562 solet,
702 1521 826 1552 cum
857 1519 938 1551 res
958 1520 1069 1552 non
1093 1501 1229 1568 gesta
1249 1501 1392 1550 indi-

60 1591 232 1639 catur,
267 1580 387 1640 sed,
425 1592 487 1631 ut
515 1581 574 1629 fit
594 1578 757 1647 gesta,
797 1578 1117 1629 ostenditur:
1153 1595 1250 1627 nec
1269 1579 1392 1628 uni-

58 1656 230 1717 versa,
265 1657 356 1707 sed
379 1675 474 1726 per
508 1669 704 1725 partes:
744 1673 907 1723 quem
941 1657 1120 1706 locum
1139 1656 1390 1724 proximo

138 1793 230 1827 mire
256 1800 390 1828 movet.
449 1791 581 1827 Turic.
613 1790 718 1829 Flor.
741 1789 835 1839 <hic
858 1799 888 1824 a'
905 1803 964 1839 pr.
984 1787 1132 1838 manu)
1158 1795 1334 1824 removet.

142 1849 360 1885 invadimus.
418 1848 551 1884 Tui-ic.
581 1847 683 1883 Flor.
717 1846 844 1882 Guelf.
885 1849 1019 1894 Camp.
1047 1845 1181 1882 Ambr.
1208 1858 1242 1880 1.
1269 1854 1304 1880 2.
1336 1845 1390 1878 in·

58 1902 215 1954 vafimus
260 1917 349 1940 cum
401 1903 519 1940 Goth.
560 1903 674 1940 Bodl.
715 1906 849 1939 Ioann.
882 1902 988 1939 Vols.
1028 1915 1060 1936 ι.
1112 1911 1150 1936 et
1183 1899 1268 1936 edd.
1301 1909 1389 1934 aute

59 1959 213 2008 Gryph.
436 1958 705 2008 Phar-[aLfive.
745 1958 808 1994 Sic
830 1957 963 1992 Turio.
986 1955 1123 1992 Ambr.
1142 1969 1174 1990 1.
1191 1965 1227 1990 2.
1257 1953 1387 1989 Guelf.

60 2014 194 2062 Camp.
219 2027 311 2049 cum
331 2015 437 2054 Voss',
460 2023 498 2056 3.
556 2014 716 2062 Reliqui
750 2026 797 2048 ex
821 2014 1009 2048 Cicerone
1043 2011 1216 2047 inserunt
1236 2010 1390 2057 gladius

59 2070 208 2117 agebat.
434 2070 564 2105 tumuli
591 2089 647 2097 —-
677 2070 750 2105 Sed
788 2069 867 2105 illa.
905 2067 1038 2103 Turio.
1070 2066 1174 2104 Flor.
1200 2067 1389 2102 omittunt

60 2137 150 2160 cum
172 2123 275 2160 Alm.

147 2189 212 2228 59.
259 2180 391 2216 videri.
448 2180 579 2216 Tui-ic.
621 2179 724 2216 Flor.
754 2179 889 2217 Ambr.
914 2189 950 2215 2.
983 2177 1110 2215 Guelf.
1139 2178 1266 2214 videre
1297 2189 1388 2213 cum

60 2235 166 2276 Voss'.
188 2245 224 2280 5.
257 2236 355 2275 Jens.
385 2234 483 2284 (tac.
499 2237 636 2280 Gesn.)
668 2247 705 2272 et
727 2237 811 2274 edd.
837 2235 947 2284 postt.
973 2243 1058 2270 ante
1078 2233 1164 2270 Ald.

148 2298 212 2335 4⁰·
243 2306 347 2341 quem
368 2293 486 2328 locum
507 2307 543 2341 p.
569 2290 704 2340 l.sul›j.
734 2292 862 2329 Guelf.
895 2305 1004 2340 quam
1033 2291 1115 2327 loco
1136 2288 1223 2340 μβ
1281 2289 1386 2326 Hinc

62 2347 208 2383 efficio:
241 2360 350 2398 quam
380 2349 475 2384 libro
505 2348 728 2398 proximos.
761 2349 807 2386 cf.
836 2362 871 2389 ι,
902 2361 964 2389 ιο,
988 2353 1051 2392 ¹8·

118 2443 183 2482 58.
225 2435 324 2489 Quid
353 2439 450 2473 onim
477 2447 569 2474 tuus.
616 2440 691 2474 Pro
805 2445 870 2483 4ο.
911 2445 952 2473 ut
983 2438 1040 2473 ait
1073 2436 1211 2472 cicero.
1262 2433 1309 2471 cf.
1345 2439 1384 2479 8.

61 2494 222 2542 Ligario
247 2507 278 2528 ο,
304 2503 341 2537 5.
384 2495 461 2530 Vos
488 2496 585 2529 enim
598 2495 691 2538 jam.
753 2509 788 2537 1,
821 2504 886 2539 27.

61 2551 138 2585 Pro
169 2549 320 2585 Milone
343 2563 374 2584 c.
400 2559 467 2593 5¹·
500 2550 536 2585 0
555 2552 690 2598 Lege&

63 2607 110 2642 In
131 2607 241 2642 Verr.
261 2613 295 2650 5,
312 2607 381 2652 64.
411 2606 499 2642 Νοη
520 2619 589 2656 ego
612 2620 692 2642 cum

66 2661 160 2700 Dan.
181 2662 341 2700 Aeneid.
365 2672 401 2707 4,
424 2663 516 2707 436.
800 2663 971 2712 proximo
1001 2661 1109 2699 libro.
1141 2665 1179 2706 8,
1201 2665 1239 2702 3»
1262 2655 1326 2703 68·

823 2732 944 2768 Cea

803 2598 910 2635 quem
929 2583 1061 2620 locum.
1090 2580 1138 2617 cf.
1164 2589 1245 2617 not.
1266 2579 1351 2616 crit.
