1586 2990
232 136 329 186 428
547 131 622 177 Μ.
656 131 788 177 FAB.
824 132 1232 193 QUINTILIANI

228 262 291 301 ut
324 253 492 318 palam
523 253 610 312 fit,
645 253 810 303 facere
843 269 970 311 nos,
1017 255 1163 319 quod
1188 255 1284 322 ipfi
1318 255 1533 307 sciamus

227 344 338 376 non
361 326 456 377 else
485 328 816 379 faciendum?
870 331 1030 393 Atqui
1054 333 1327 396 praecipue
1349 333 1532 397 prima,

228 403 422 467 quibus
464 406 759 470 praecipere
800 420 1093 469 coeperam,
1154 417 1386 472 tempora
1429 407 1532 456 hoc

225 480 358 528 vitio
408 480 720 528 laborarunt.
814 481 1070 529 Dicebant
1121 483 1262 529 enim
1310 482 1532 531 libenter

223 555 349 603 tales
390 554 784 612 controverfias,
837 572 972 619 quae
1017 555 1328 605 difficultatis
1371 558 1545 621 gratia.

158 643 208 682 78
223 630 450 694 placent,
516 647 637 678 cum
685 629 784 678 [int
822 632 993 680 multo
1041 629 1312 681 faciliores.
1391 633 1532 680 Nam

220 715 419 753 rectum
442 721 608 770 genus
642 706 918 772 approbari
944 705 1040 754 nifi
1062 709 1301 756 maximis
1327 707 1530 755 viribus

218 795 330 827 non
378 778 572 844 potest:
631 782 757 828 haec
802 780 1122 831 deverticula
1170 793 1221 830 et
1269 781 1526 830 anfractus

217 851 443 919 suffugia
474 854 595 903 sunt
629 855 972 905 infirmitatis:
1024 862 1086 905 ut
1119 859 1214 920 qui
1252 856 1405 907 cursu
1437 874 1527 922 pa-

215 947 337 978 rum
363 927 561 988 valent,
604 930 746 980 flexu
771 931 1012 980 eludant:
1065 950 1187 980 cum
1214 933 1355 991 haec,
1393 947 1526 997 quae

216 998 506 1073 affectatur,
552 1008 683 1055 ratio
722 1005 1089 1056 sententiarum
1125 1025 1235 1057 non
1273 1009 1459 1072 procul
1496 1022 1525 1054 a

200 1076 416 1128 ‘ratione
441 1071 989 1141 'jocandi'abhorreah
1078 1082 1305 1142 Adiuvat
1354 1083 1523 1138 etiam,

214 1154 363 1220 quod
389 1145 598 1205 auditor
625 1156 815 1220 gaudet
837 1157 1151 1220 intelligere,
1201 1167 1251 1204 et
1275 1155 1416 1205 favet
1442 1159 1524 1205 in-

148 1244 199 1282 79
213 1231 368 1295 genio
395 1229 517 1287 suo,
560 1241 610 1278 et
639 1232 741 1278 alio
769 1231 972 1279 dicente
1001 1230 1052 1278 se
1081 1231 1271 1280 laudat.
1342 1235 1521 1298 Itaque

210 1322 321 1354 non
345 1304 531 1362 folum,
568 1304 845 1370 [i-persona
865 1305 1084 1353 obstaret
1107 1316 1271 1354 rectae
1297 1307 1522 1356 orationi

211 1382 356 1445 (quo
387 1381 445 1428 in
477 1396 663 1445 genere
698 1378 898 1444 saepius
937 1379 1101 1428 modo
1143 1397 1299 1444 quam
1342 1379 1521 1445 figuris

211 1469 347 1522 opus
374 1453 505 1520 est),
544 1455 888 1505 decurrebant
921 1454 986 1503 ad
1014 1454 1290 1514 schemata,
1328 1455 1416 1504 sed
1446 1455 1522 1504 fa·

287 1631 414 1680 facere
440 1644 518 1667 nos.
574 1631 636 1667 Sic
665 1631 792 1668 Guelf.
823 1633 954 1681 Camp.
994 1631 1153 1680 Reliqui
1174 1646 1206 1667 η.
1224 1631 1260 1679 f.
1294 1632 1367 1669 Sed
1388 1633 1518 1669 Turic-

207 1688 310 1724 Flor.
343 1687 528 1722 omittunt
555 1700 634 1724 nos,

295 1750 360 1786 78.
391 1742 631 1788 infirmitatis.
675 1742 804 1777 Turic.
828 1742 929 1777 Ποῖ.
945 1741 1157 1789 firmitates.
1187 1741 1256 1777 Ille
1276 1756 1295 1776 a
1316 1744 1383 1778 see.
1403 1756 1519 1779 manu

200 1798 418 1846 firmitatis,
450 1796 513 1830 hie
545 1797 725 1831 nostrum.
783 1798 878 1834 Jens.
905 1796 1116 1841 infirmitati
1137 1809 1224 1832 cum
1247 1797 1395 1846 aliquot
1416 1808 1519 1833 vete·

207 1853 337 1893 ribus;
375 1849 484 1890 male,
517 1864 732 1898 quanquam
759 1850 883 1899 placet
911 1852 1086 1887 Gesnero.

280 1907 387 1954 flexu
414 1907 573 1942 eludant.
632 1907 762 1942 Turic.
794 1906 895 1941 Flor.
920 1906 1105 1941 omittunt
1134 1918 1219 1941 cum
1249 1906 1350 1942 Alm.

291 1963 450 1998 eludant.
503 1961 564 1997 Sic
585 1962 716 1996 Ambr.
744 1974 774 1996 1.
799 1972 833 1997 2.
856 1961 983 1996 Guelf.
1003 1961 1118 1996 Goth.
1145 1963 1239 1999 Jens.
1264 1964 1358 2006 (tac.
1380 1963 1515 2006 Gesn.)

203 2017 322 2054 ’Tarm
353 2030 439 2052 cum
468 2016 571 2054 Voss'.
596 2031 628 2050 1.
652 2026 688 2051 2.
710 2026 744 2060 3.
802 2016 959 2063 Reliqui
988 2017 1157 2056 eludunt,
1194 2017 1318 2064 Regio
1346 2010 1513 2063 jubente,

207 2086 425 2123 quanquam
448 2070 578 2120 Cunp.
611 2071 757 2106 nullam
778 2085 797 2106 a
821 2073 984 2107 Gesnero
1008 2069 1262 2106 differentiam
1291 2073 1435 2109 notavi.

262 2204 326 2238 77.
348 2195 832 2241 praecipue—praecipere.
890 2192 1045 2230 hostem,
1070 2203 1106 2227 et
1122 2202 1306 2228 conantur
1319 2193 1514 2230 deflecten-

205 2252 300 2287 Sane
332 2262 411 2283 non
444 2250 633 2284 affectavit
657 2248 731 2283 hoc
760 2250 832 2295 Qu.
891 2248 940 2282 do
969 2248 1013 2282 de
1038 2247 1101 2282 via
1130 2246 1272 2286 fallere.
1319 2249 1380 2284 Sic
1406 2261 1513 2299 appa·

205 2304 368 2341 debebat
423 2304 545 2351 igitur
593 2305 726 2339 vitare.
785 2304 833 2339 cf.
890 2313 958 2342 ret,
991 2315 1104 2350 quare
1127 2303 1394 2348 conjunctivus
1412 2305 1455 2340 fit
1472 2305 1513 2339 in
1574 2307 1576 2310 ’

203 2364 241 2410 §⁸
272 2369 335 2403 75,
889 2358 1008 2392 verbo
1039 2357 1227 2397 eludendi,
1265 2371 1343 2393 non
1371 2358 1512 2394 indica-

263 2422 329 2459 73.
361 2413 635 2448 tat—eludant.
668 2413 741 2446 Hic
762 2425 831 2459 ego
890 2413 1007 2451 tivus.

206 2469 530 2518 comparationem
560 2469 716 2513 agnosco
751 2468 834 2502 nul-
946 2478 1009 2514 79.
1041 2466 1160 2502 modo.
1195 2468 1270 2507 „H-
1291 2481 1322 2503 e.
1342 2468 1512 2503 modera-

204 2526 305 2565 lmn,
335 2525 396 2560 sed
415 2523 707 2572 explicationem
731 2522 834 2568 infir·
888 2523 1034 2562 „tione,
1058 2522 1277 2557 modestia.“
1317 2523 1509 2558 GeEnerus.

205 2582 356 2616 micatis.
385 2580 593 2626 Desperant
619 2577 754 2625 infirmi
784 2577 834 2612 ef-
946 2577 994 2611 ad
1007 2576 1194 2624 schemata
1212 2594 1271 2625 --“
1286 2577 1349 2612 aba·
1370 2578 1512 2612 inutiles

206 2636 340 2685 fugere
368 2635 402 2670 se
442 2634 544 2684 poffe
576 2634 834 2682 insequentem
889 2647 931 2671 ac
969 2631 1142 2677 nefariae.
1201 2634 1376 2678 Synefiu,
1418 2631 1511 2680 figu-
