1586 2990
251 189 413 236 INST.
460 186 739 235 ORATOR.
782 185 905 232 LIB.
938 185 1046 244 vn,
1086 196 1129 233 1.
1304 195 1365 242 13

31 319 177 368 tinus
206 315 431 374 dicenti,
475 308 742 383 Occidisti,
779 310 1183 381 respondeatur,
1233 312 1369 361 Non

32 396 191 446 occidi
202 413 217 442 .·
258 388 436 442 ⁴statim
476 407 655 458 pugna
693 388 777 439 est.
858 392 941 439 Sic
979 388 1370 455 explorandum

31 471 130 530 est,
171 472 264 520 ubi
297 465 643 520 controversia
676 468 916 535 incipiat:
967 476 1020 514 et
1048 465 1370 536 considerari

29 547 216 606 debet,
263 564 398 612 quae
427 548 655 613 primam
691 543 1054 609 quaestionem
1085 542 1226 593 facit.
1281 546 1407 601 In-‘9

32 627 201 674 tentio
226 622 465 690 simplex,
512 623 708 674 Occidit
735 622 1064 671 Saturninum
1091 618 1370 670 Rabiriust

34 705 340 770 conjuncta,
382 703 536 769 Lege
563 701 628 747 de
644 696 852 771 ficariis
879 695 1123 771 commisit
1151 701 1215 747 L.
1258 700 1320 749 V
1312 715 1373 746 α-

33 795 196 828 renus.
263 780 417 828 Nam
457 779 511 828 C.
555 779 822 828 Varenum
863 776 1156 835 occidendo,
1195 786 1247 824 ec
1278 775 1371 825 Cn.

103 934 188 967 ’ἱηα
211 951 264 959 —
285 929 378 979 cons.
400 925 412 952 ἵ
440 930 573 966 Turic.
609 931 654 975 (a
675 942 734 979 pr.
758 929 906 974 manu)
940 930 1092 979 incipiet
1119 943 1148 967 e.

118 989 286 1037 prImam.
347 985 475 1021 Guelf.
506 988 677 1034 primum.
737 987 869 1034 Camp.
900 987 1033 1033 prima.

122 1056 157 1092 9.
210 1044 309 1079 Nar'n
331 1061 383 1070 —
409 1042 541 1079 cadit„
580 1043 712 1077 Turic.
745 1045 792 1087 (a
815 1055 872 1090 pr.
896 1043 1040 1087 manu)
1068 1042 1116 1077 N.
1140 1043 1179 1078 C.
1209 1041 1252 1078 V.
1281 1043 1373 1078 occi-

34 1100 194 1137 ssendum
216 1113 244 1136 e.
270 1102 308 1136 C.
331 1114 363 1135 υ.
387 1113 415 1134 e.
439 1099 476 1133 S.
500 1099 522 1133 ἰ.
545 1099 779 1134 occidendum
809 1112 836 1133 c.
872 1111 960 1133 cum
994 1097 1112 1133 Goth.
1139 1110 1174 1134 2.
1209 1109 1246 1134 et
1267 1099 1372 1149 Lips.

33 1156 179 1205 Kappii
212 1156 285 1201 (cf.
310 1156 347 1196 6,
372 1161 408 1200 4,
434 1156 500 1200 4.)
537 1155 607 1190 nifi
640 1155 745 1203 quod
780 1168 827 1190 ex
859 1154 920 1191 his
957 1155 1072 1189 etiam
1104 1155 1374 1191 vulnerandum

33 1226 109 1250 acc.
133 1214 216 1248 casu
238 1212 409 1254 affertur,
441 1225 488 1247 ex
509 1210 627 1247 Goth.
650 1222 708 1252 2..
739 1212 933 1260 postremo
959 1210 1069 1252 loco,
1101 1212 1287 1248 occidend'
1304 1224 1376 1262 per

34 1269 311 1318 compendium
345 1268 529 1317 scripturn
565 1266 661 1303 alibi
694 1279 822 1304 narrat
853 1268 986 1308 Gefn.‚
1029 1267 1126 1304 alibi
1162 1270 1374 1318 integrum.

7 1326 115 1375 ‚Ipse
158 1337 284 1361 autem
326 1325 487 1371 conjicit
530 1324 748 1360 servandam
789 1324 888 1360 hanc
924 1325 1100 1374 priorem
1132 1326 1375 1375 scripturam,

35 1382 389 1430 corrigendumque
420 1382 564 1417 'curavit
594 1394 666 1430 pro
701 1381 811 1417 cadit.
871 1383 959 1417 Hoc
984 1382 1144 1430 quidem
1165 1383 1334 1418 verbum
1355 1395 1378 1417 a

37 1436 274 1488 Werlhofio,
315 1438 520 1487 utriusque
556 1436 786 1487 Apollineae
826 1438 918 1475 artis
955 1438 1161 1488 magistro,
1202 1436 1379 1488 intelligi

93 1572 153 1606 Sic
165 1571 432 1620 explorandum
445 1591 498 1598 —
510 1571 674 1618 incipiat.

733 1583 881 1619 „quarn
910 1573 1079 1622 primam
1113 1573 1379 1622 quaestionem

36 1627 133 1664 Satis
171 1628 351 1674 jejunum
391 1627 468 1664 hoc
503 1627 675 1663 videtur.

733 1626 920 1668 „facias.“
950 1629 995 1666 cf.
1020 1640 1101 1665 not.
1125 1630 1211 1667 crit.
1240 1629 1378 1666 Plures

34 1682 174 1732 Neque
200 1685 302 1719 enim
329 1684 542 1733 quidquam
568 1682 676 1718 aliud

34 1740 104 1776 nin
157 1740 389 1782 ostenderat,
433 1754 512 1790 quo
554 1739 675 1775 modo

34 1795 112 1834 hoc
159 1797 247 1832 esset
305 1822 329 1837 „
342 1797 635 1847 explorandum.
651 1801 676 1815 “

37 1853 125 1899 Quo
155 1853 278 1901 magis
307 1854 474 1890 advertit
502 1868 566 1889 me
588 1852 676 1905 scri.-

31 1918 147 1958 ptura
167 1909 314 1958 primae
337 1924 471 1946 manus
489 1910 677 1946 ‘rm-icen-

35 1966 94 2006 fis,
125 1964 254 2006 solius,
285 1969 324 2002 Si
348 1980 422 2016 pro
449 1968 519 2002 Sic.
582 1966 676 2002 Inde

36 2011 154 2069 longe
194 2023 389 2058 robustior
430 2023 564 2059 existat
599 2023 677 2058 sen-

39 2077 178 2111 tentia:
209 2079 279 2118 „Si
297 2079 372 2114 hoc
396 2079 679 2128 explorandum

40 2131 139 2172 „est,
181 2133 296 2168 etiam
324 2134 426 2169 illud
450 2135 564 2170 debet
588 2148 679 2170 eon-

39 2188 263 2230 „1iderari.“
306 2190 351 2225 cf.
380 2205 415 2231 1,
449 2202 485 2232 2,
527 2202 587 2235 17.
642 2202 678 2232 2,

43 2250 107 2288 14,
134 2250 169 2289 4.
213 2247 286 2282 Sed
312 2260 382 2282 nec
403 2248 598 2296 sequentia
622 2261 680 2283 ca-

39 2312 127 2338 rent
157 2303 312 2340 mendo.
374 2305 477 2354 Quid
504 2305 607 2340 enim
632 2304 682 2340 est

40 2358 148 2449 qiod
170 2358 279 2407 facit,
311 2361 562 2403 indicativus,
592 2361 682 2397 scri³

40 2412 66 2449 b
105 2427 161 2455 ur,
183 2416 383 2465 postquam
405 2419 559 2465 incipiat
570 2416 680 2454 fuit?

40 2469 180 2519 Neque
218 2473 404 2522 ass‘equor,
445 2487 523 2523 quo
562 2474 682 2510 modo

40 2531 329 2567 „controversia
355 2529 484 2578 aliqua
515 2531 684 2579 primam

41 2584 330 2631 „quaestionem
366 2587 517 2623 faciat.“
577 2588 682 2639 Quae

43 2650 145 2675 certe
156 2642 306 2677 nonnifi
318 2643 363 2677 ad
375 2651 534 2679 controv.
546 2644 685 2679 referri

44 2698 200 2745 poterit.
249 2699 422 2734 Scribam
450 2713 573 2747 „quae
602 2700 684 2749 pri·

43 2765 134 2794 „ma
154 2754 421 2805 quaestionum
447 2755 594 2795 {uexiw
619 2755 687 2795 vel

733 1682 775 1718 in
828 1685 1047 1733 conjunctis
1104 1686 1378 1723 controversiis

733 1741 819 1776 sunt
874 1743 1137 1790 quaestiones,

734 1798 1089 1834 commodissimum
1113 1800 1292 1836 ordinem
1313 1811 1379 1835 ex·

734 1853 889 1902 plorare
923 1866 1090 1904 oportet.
1143 1856 1189 1892 cf.
1213 1866 1251 1900 3,
1277 1856 1314 1897 6,
1339 1864 1380 1900 7.

736 1919 772 1954 5,
798 1924 861 1952 ιο,
893 1926 928 1947 1.
971 1913 1046 1948 Sed
1069 1923 1106 1949 et
1132 1912 1351 1960 hic§.16.

756 1993 757 1996 ’
795 2001 831 2037 9.
863 1991 1175 2026 Saturninum—
1199 1991 1382 2026 Varenus.

737 2045 783 2082 cf.
811 2046 846 2086 6,
874 2061 908 2087 ι,
932 2053 995 2094 49.
1026 2047 1098 2083 ubi
1124 2047 1264 2083 itidem
1287 2058 1381 2083 con·-

735 2102 956 2150 junguntur
983 2101 1054 2138 hae
1079 2105 1219 2139 causae.

792 2179 902 2226 Lege
917 2199 968 2206 —
983 2178 1171 2230 commrfic.
1203 2181 1380 2215 Structu-

737 2246 840 2275 ram,
874 2247 971 2283 quae
1005 2235 1056 2271 est
1085 2249 1158 2286 pro
1181 2235 1382 2272 usitatiore

738 2299 865 2325 contra
883 2291 949 2328 vel
977 2293 1014 2327 in
1038 2292 1177 2341 legem,
1219 2292 1380 2342 gemino

737 2347 999 2384 Varronis'de
1020 2353 1066 2386 P..
1091 2352 1135 2386 R.
1160 2349 1250 2386 loco
1287 2348 1384 2384 illu·

739 2403 828 2439 strat
866 2405 1083 2443 Briffonius
1115 2407 1164 2444 V.
1203 2409 1239 2442 S.
1282 2418 1384 2442 voce

740 2463 975 2499 committere.
1027 2463 1074 2498 cf.
1106 2473 1144 2499 et
1178 2462 1215 2504 6,
1248 2468 1284 2507 4.
1317 2471 1382 2507 ¹7·

739 2517 787 2551 In
810 2518 988 2566 fragmm.
1003 2521 1083 2555 Cic.
1100 2521 1143 2554 In
1159 2520 1279 2567 legem
1305 2520 1385 2554 fine

739 2585 910 2616 auctore,
938 2586 982 2610 ut
1003 2575 1175 2612 videtur.
1211 2576 1274 2610 De
1296 2574 1384 2623 lege

738 2630 816 2679 ipsa
830 2630 880 2666 est
897 2631 1035 2667 titulus
1058 2638 1095 2675 8.
1108 2631 1254 2680 Digest.
1275 2630 1302 2670 l.
1317 2636 1384 2675 48.

798 2700 898 2735 Nam
917 2719 969 2751 Τ-
988 2700 1100 2739 cadit.

1168 2701 1262 2740 vide
1298 2709 1384 2754 not.

741 2765 829 2796 cut.

1211 1754 1379 1792 quarum
1447 1776 1451 1782 ,
