1586 2990
292 234 456 284 1Ns‘r.
504 230 780 284 ORATOR.
824 237 947 282 Lm.
982 237 1089 294 vn,
1130 250 1172 283 1.
1324 246 1390 298 49

5 354 171 417 ¹951sta·
195 363 342 415 enim
372 363 551 415 omnia
570 361 679 412 dici
696 360 898 430 -poffent
925 362 1080 413 etiam
1103 379 1216 412 non
1241 362 1391 412 ‘resti-

63 430 182 494 t‘uto
202 451 368 507 patre.
445 441 562 490 Nec
596 438 765 489 statim
793 457 858 490 eo
890 439 1188 498 tenda-muS,
1240 439 1390 506 quod

64 519 295 569 occurrit
323 518 491 575 ultro,
529 535 564 566 a
590 512 782 586 ⁴rustico
809 513 1109 586 restitutum.
1190 519 1297 585 Qui
1330 515 1390 564 id

65 587 342 645 subtiliter'
379 603 629 659 quaeret,
683 594 883 659 aliquid
928 591 1176 660 spectabit
1234 595 1386 643 ultra.

63 671 230 730 Nam,
265 680 327 720 ut
357 687 524 737 genus
550 670 744 738 species
766 668 1028 736 sequitur,>
1068 672 1138 719 ita
1162 668 1389 736 speciem

60 764 230 815 genus
254 747 532 814 praecedit.
609 749 890 814 Fingamus
925 763 1049 813 ergo
1083 748 1146 796 ab
1174 749 1278 798 alio
1308 758 1455 795 re·60

62 823 322 882 stitutum,
361 825 725 875 ratiocinativa
750 836 908 890 atque
935 826 1209 874 collectiva
1231 841 1391 891 quae-

62 899 163 952 stio
199 903 424 958 orietur,
462 902 556 952 An
586 898 839 971 restitutio
869 918 970 965 pro
983 932 986 935 ·
987 897 1283 972 sublatione
1306 900 1393 964 ju-

64 978 183 1026 dicii
208 973 342 1046 stet,
391 987 443 1025 ec
473 979 689 1041 perinde
727 977 931 1035 valeat,
980 995 1042 1025 ac
1059 974 1116 1048 si
1143 977 1394 1041 judicium

61 1070 161 1102 non
191 1048 427 1127 fuiſj'et?
515 1053 623 1102 Ubi
670 1053 890 1102 tentabit
929 1052 1154 1102 rusticus
1200 1053 1392 1111 dicere,

60 1147 124 1179 ne
148 1132 465 1194 ¹impetrare
495 1131 697 1196 quidem
735 1130 890 1179 aliter
910 1125 1150 1206 .p0tu{ffe
1169 1126 1393 1203 suorum

146 1301 211 1345 59.
248 1293 406 1346 poffent.
449 1295 575 1332 Guelf.
610 1297 743 1347 Camp.
773 1294 933 1347 poffunt.
1105 1309 1180 1332 non
1212 1293 1391 1344 restituto.

60 1350 192 1390 Turio.
212 1351 339 1389 Guelf.
364 1353 550 1390 omittunt
570 1355 816 1403 negationem
839 1367 926 1389 cum
947 1352 1048 1390 Alm.
1082 1354 1128 1389 cf.
1146 1359 1208 1398 58.
1224 1363 1261 1397 7,
1277 1364 1312 1393 2,
1328 1359 1393 1396 25.

141 1409 223 1460 'Qui
249 1408 299 1443 id.
358 1409 490 1444 Turio.
522 1409 569 1455 (a
602 1424 659 1459 pr.
689 1411 834 1454 manu)
866 1411 964 1459 quid.
1022 1410 1202 1459 Suspicor
1230 1408 1340 1444 fuiffe.
1372 1422 1394 1443 a

19 1509 23 1515 Ι
62 1464 136 1512 Qu.
159 1463 281 1500 solum
305 1465 379 1514 qui.
405 1464 582 1500 Alterum
604 1479 823 1515 pronomen
844 1468 883 1502 id
900 1467 1020 1502 sensui
1040 1466 1170 1501 officit.
1202 1465 1302 1516 Quid
1319 1478 1392 1513 pto

63 1520 182 1570 quod,
211 1533 307 1556 mox
327 1521 427 1570 quod
445 1534 517 1569 pro
547 1525 611 1571 qui
640 1523 811 1559 consueti
835 1535 996 1558 errores.
1027 1522 1073 1557 cf.
1102 1529 1166 1565 55.
1203 1523 1240 1560 6,
1265 1531 1301 1564 4,
1327 1531 1392 1557 2¹.

137 1575 281 1626 species
294 1575 372 1626 seq.
431 1577 562 1628 Tufic.
581 1577 731 1627 speciae
744 1577 777 1627 s.
818 1592 839 1613 a
861 1579 929 1614 sec-
960 1592 1078 1613 manu
1101 1577 1262 1626 speciem
1287 1587 1324 1612 et
1346 1578 1393 1612 fic

60 1631 191 1669 Guelf.
224 1633 355 1680 Camp.
388 1645 476 1668 cum
508 1633 594 1670 edd.
625 1645 710 1670 ante
739 1635 848 1670 Rusc.
898 1634 1027 1671 Nobis
1057 1633 1243 1670 addicunt
1270 1632 1391 1671 Goth.

59 1688 164 1727 Voss'.
187 1698 224 1724 2·
252 1687 351 1727 Vall.
365 1715 375 1730 ,
415 1699 517 1724 recte
549 1690 719 1726 intuenti
739 1692 854 1726 etiam
874 1691 1008 1726 Turio.

144 1743 207 1781 60.
234 1745 317 1789 jud.
340 1743 426 1792 flet,
457 1754 503 1785 et.
563 1747 694 1783 Turic.
718 1748 838 1793 judici
865 1743 929 1794 iste
950 1755 1003 1788 et,
1035 1761 1054 1782 a
1078 1747 1144 1782 sec.
1174 1759 1293 1781 manu
1321 1758 1392 1782 no·

58 1799 199 1842 strum,
240 1813 328 1836 cum
361 1800 486 1838 Guelf.
521 1803 638 1839 Goth.
674 1804 773 1849 (tac.
810 1804 946 1847 Gesn.)
989 1803 1120 1851 Camp.
1155 1801 1268 1838 Bodl.
1308 1801 1390 1838 Bal.

58 1856 164 1895 Voss'.
189 1867 224 1892 2.
257 1867 294 1892 et
316 1856 400 1893 edd.
424 1868 509 1893 ante
525 1858 634 1895 Bam.
671 1873 766 1908 quae
788 1860 912 1908 prima
933 1872 980 1894 ex
1000 1859 1175 1907 margine
1197 1858 1312 1895 Badii
1332 1871 1392 1895 ao·

59 1911 159 1948 civit
202 1921 232 1947 ιι
258 1925 330 1962 pro
350 1910 446 1962 stet,
488 1916 749 1962 conjecturam
778 1916 999 1964 Regianam.

117 2044 191 2095 Qui
220 2045 270 2080 fd.
319 2046 365 2083 cf.
395 2058 475 2083 not.
499 2049 582 2085 crit.

122 2099 186 2135 60.
223 2114 289 2147 pro
322 2101 535 2150 sublatione
566 2104 697 2147 judicii

750 2048 890 2096 Neque
916 2060 1043 2086 tamen
1064 2059 1144 2085 acta
1163 2047 1319 2097 prorsus
1343 2046 1394 2083 est

753 2105 859 2138 causa
903 2105 1135 2151 hujusmodi
1174 2103 1393 2138 infinitivo·

52 2152 140 2204 fiet.
161 2170 165 2173 ·
183 2156 259 2191 Hic
282 2157 440 2205 quidem
464 2158 576 2195 verbi
596 2157 698 2207 stare

61 2211 149 2254 usus
176 2210 343 2248 insolens
376 2214 446 2254 est,
488 2213 610 2250 affinis
644 2225 697 2250 ta-

60 2279 150 2303 men
190 2268 227 2303 ei
265 2268 335 2303 ubi
376 2269 558 2306 dicuntur
594 2267 698 2318 stare

61 2323 173 2358 alicui
200 2323 234 2359 ii
265 2325 334 2372 qui
364 2326 618 2368 satisfaciunt,
659 2327 696 2362 ei

60 2378 260 2416 sufficiunt.
334 2382 573 2432 Interpretor
595 2426 601 2433 ι
620 2396 696 2424 „an

60 2434 238 2483 „ex-pleat
291 2433 422 2472 locum
468 2437 694 2475 sublationis

59 2491 268 2536 ,.judicii.“
297 2494 379 2530 Nec
398 2495 482 2530 sunt
503 2494 694 2530 tollendae

59 2546 236 2583 insolitae
265 2547 502 2590 locutiones,
534 2551 594 2586 red
624 2564 694 2586 no·

60 2603 194 2638 tandae
223 2603 400 2647 inte-rim,
444 2606 538 2641 dum
569 2620 695 2642 exem-

60 2658 136 2708 plis
166 2659 453 2698 confirmentur.

115 2715 274 2766 potuiffe
325 2716 486 2766 suorum.
570 2718 696 2755 Facile

63 2771 220 2820 quidem
258 2773 325 2809 hic
357 2774 614 2813 intercidebat
641 2775 695 2826 se.

122 2840 223 2878 Tom.
253 2844 320 2881 ΙΙΙ.

752 2172 854 2200 rum,
886 2175 932 2195 an
953 2162 1097 2196 Graeco
1122 2172 1231 2195 more
1253 2159 1395 2207 possiut

755 2227 880 2252 carere
902 2216 1102 2265 reciproco
1117 2215 1172 2265 se,
1197 2214 1302 2263 quod
1322 2227 1392 2250 no-

754 2270 827 2306 stro
869 2272 1026 2320 quidem
1072 2272 1161 2308 loco
1208 2270 1308 2308 abest
1345 2270 1391 2306 ab

754 2327 936 2365 omnibus
995 2327 1120 2364 libris.
1204 2327 1254 2362 Et
1309 2327 1393 2362 sane

753 2383 940 2433 exemplis
959 2383 1094 2420 multis
1116 2383 1233 2430 hujus
1262 2382 1392 2418 saltem

752 2440 839 2475 aevi
857 2441 1087 2489 scriptorum
1113 2439 1268 2475 defendi
1285 2439 1389 2487 poss'e

752 2496 1016 2532 Graecismum
1030 2497 1172 2531 censeo.
1187 2495 1232 2531 cf.
1247 2505 1284 2539 7,
1300 2504 1336 2538 5,
1356 2507 1389 2530 ι.

752 2551 856 2588 Male
873 2546 1030 2588 ‘inrhac
1059 2565 1099 2587 re
1125 2549 1389 2598 investiganda

750 2608 909 2643 miscent
933 2607 1107 2656 exempla
1128 2606 1199 2642 ubi
1226 2604 1389 2642 infiniti-

750 2676 823 2700 vus
849 2662 918 2713 effa
937 2663 1175 2704 subauditur,
1195 2675 1284 2698 cum
1296 2662 1387 2697 alte·

751 2719 828 2760 ris,
859 2721 1081 2766 cujusmodi
1101 2719 1294 2759 nostrum,
1322 2719 1390 2754 ubi

753 2775 948 2825 express'us
980 2776 1030 2813 est
1057 2777 1091 2813 is
1122 2775 1271 2815 modus.
1311 2776 1389 2810 Ne-

909 2846 948 2881 D
