<?xml version="1.0" encoding="UTF-8"?>
<!DOCTYPE html PUBLIC "-//W3C//DTD XHTML 1.0 Transitional//EN"
    "http://www.w3.org/TR/xhtml1/DTD/xhtml1-transitional.dtd">
<html xmlns="http://www.w3.org/1999/xhtml" xml:lang="en" lang="en">
 <head>
  <title>
</title>
<meta http-equiv="Content-Type" content="text/html;charset=utf-8" />
  <meta name='ocr-system' content='tesseract 3.04.00' />
  <meta name='ocr-capabilities' content='ocr_page ocr_carea ocr_par ocr_line ocrx_word'/>
</head>
<body>
  <div class='ocr_page' id='page_1' title='image "./lexiconquintilia03bonnuoft_0347.png"; bbox 0 0 1586 2990; ppageno 0'>
   <div class='ocr_carea' id='block_1_1' title="bbox 247 167 1420 229">
    <p class='ocr_par' dir='ltr' id='par_1_1' title="bbox 247 167 1420 229">
     <span class='ocr_line' id='line_1_1' title="bbox 247 167 1420 229; baseline -0.009 -11"><span class='ocrx_word' id='word_1_1' title='bbox 247 171 410 218; x_wconf 86' lang='lat' dir='ltr'><strong>INST.</strong></span> <span class='ocrx_word' id='word_1_2' title='bbox 447 168 726 215; x_wconf 82' lang='lat' dir='ltr'><strong>ORATOR.</strong></span> <span class='ocrx_word' id='word_1_3' title='bbox 767 167 890 214; x_wconf 84' lang='lat' dir='ltr'><strong>LIB.</strong></span> <span class='ocrx_word' id='word_1_4' title='bbox 926 168 1068 226; x_wconf 82' lang='lat' dir='ltr'><strong>VIII,</strong></span> <span class='ocrx_word' id='word_1_5' title='bbox 1107 169 1151 216; x_wconf 88' lang='grc'>6.</span> <span class='ocrx_word' id='word_1_6' title='bbox 1270 171 1370 229; x_wconf 76' lang='lat'>529</span> <span class='ocrx_word' id='word_1_7' title='bbox 1407 202 1420 209; x_wconf 85' lang='lat'>..</span> 
     </span>
    </p>
   </div>
   <div class='ocr_carea' id='block_1_2' title="bbox 34 291 1454 1278">
    <p class='ocr_par' dir='ltr' id='par_1_2' title="bbox 34 291 1454 1278">
     <span class='ocr_line' id='line_1_2' title="bbox 40 291 1371 363; baseline -0.005 -13"><span class='ocrx_word' id='word_1_8' title='bbox 40 301 212 350; x_wconf 74' lang='lat' dir='ltr'>nitur:</span> <span class='ocrx_word' id='word_1_9' title='bbox 253 296 429 363; x_wconf 84' lang='lat' dir='ltr'>itaque</span> <span class='ocrx_word' id='word_1_10' title='bbox 461 306 514 345; x_wconf 89' lang='lat' dir='ltr'>et</span> <span class='ocrx_word' id='word_1_11' title='bbox 539 296 712 344; x_wconf 66' lang='lat' dir='ltr'>dentes</span> <span class='ocrx_word' id='word_1_12' title='bbox 742 291 883 344; x_wconf 79' lang='lat' dir='ltr'>albos</span> <span class='ocrx_word' id='word_1_13' title='bbox 913 305 965 344; x_wconf 88' lang='lat' dir='ltr'>et</span> <span class='ocrx_word' id='word_1_14' title='bbox 997 293 1208 344; x_wconf 78' lang='lat' dir='ltr'>humida</span> <span class='ocrx_word' id='word_1_15' title='bbox 1243 297 1371 345; x_wconf 75' lang='lat' dir='ltr'>vina</span> 
     </span>
     <span class='ocr_line' id='line_1_3' title="bbox 36 371 1371 439; baseline -0.005 -12"><span class='ocrx_word' id='word_1_16' title='bbox 36 377 98 434; x_wconf 52' lang='lat' dir='ltr'>,in</span> <span class='ocrx_word' id='word_1_17' title='bbox 126 378 192 426; x_wconf 82' lang='lat' dir='ltr'>iis</span> <span class='ocrx_word' id='word_1_18' title='bbox 222 391 336 425; x_wconf 89' lang='lat' dir='ltr'>non</span> <span class='ocrx_word' id='word_1_19' title='bbox 367 371 829 439; x_wconf 86' lang='lat' dir='ltr'>-reprehendemus.</span> <span class='ocrx_word' id='word_1_20' title='bbox 904 372 1063 439; x_wconf 85' lang='lat' dir='ltr'><strong>Apud</strong></span> <span class='ocrx_word' id='word_1_21' title='bbox 1087 383 1371 430; x_wconf 85' lang='lat' dir='ltr'>oratorem,</span> 
     </span>
     <span class='ocr_line' id='line_1_4' title="bbox 39 449 1373 517; baseline -0.004 -14"><span class='ocrx_word' id='word_1_22' title='bbox 39 453 139 504; x_wconf 83' lang='lat' dir='ltr'>nifi</span> <span class='ocrx_word' id='word_1_23' title='bbox 176 451 381 517; x_wconf 79' lang='lat' dir='ltr'>aliquid.</span> <span class='ocrx_word' id='word_1_24' title='bbox 402 450 650 508; x_wconf 86' lang='lat' dir='ltr'>efficitur,</span> <span class='ocrx_word' id='word_1_25' title='bbox 678 449 952 499; x_wconf 85' lang='lat' dir='ltr'>redundat.</span> <span class='ocrx_word' id='word_1_26' title='bbox 1031 453 1173 500; x_wconf 89' lang='lat' dir='ltr'>Tum</span> <span class='ocrx_word' id='word_1_27' title='bbox 1195 460 1373 499; x_wconf 86' lang='lat' dir='ltr'>autem</span> 
     </span>
     <span class='ocr_line' id='line_1_5' title="bbox 43 522 1374 592; baseline -0.003 -13"><span class='ocrx_word' id='word_1_28' title='bbox 43 522 291 586; x_wconf 82' lang='lat' dir='ltr'>efficitur,</span> <span class='ocrx_word' id='word_1_29' title='bbox 334 526 371 576; x_wconf 82' lang='lat' dir='ltr'><strong>fi</strong></span> <span class='ocrx_word' id='word_1_30' title='bbox 402 527 506 576; x_wconf 82' lang='lat' dir='ltr'>fine</span> <span class='ocrx_word' id='word_1_31' title='bbox 544 527 670 584; x_wconf 89' lang='lat' dir='ltr'><strong>illo,</strong></span> <span class='ocrx_word' id='word_1_32' title='bbox 730 526 878 592; x_wconf 87' lang='lat' dir='ltr'>quod</span> <span class='ocrx_word' id='word_1_33' title='bbox 910 526 1128 586; x_wconf 83' lang='lat' dir='ltr'>dicitur,</span> <span class='ocrx_word' id='word_1_34' title='bbox 1191 528 1374 577; x_wconf 85' lang='lat' dir='ltr'>minus</span> 
     </span>
     <span class='ocr_line' id='line_1_6' title="bbox 45 599 1374 676; baseline -0.003 -20"><span class='ocrx_word' id='word_1_35' title='bbox 45 605 146 656; x_wconf 78' lang='lat' dir='ltr'>eft:</span> <span class='ocrx_word' id='word_1_36' title='bbox 213 606 388 670; x_wconf 83' lang='lat' dir='ltr'><strong>qualia</strong></span> <span class='ocrx_word' id='word_1_37' title='bbox 442 602 590 660; x_wconf 83' lang='lat' dir='ltr'>sunt,</span> <span class='ocrx_word' id='word_1_38' title='bbox 653 604 701 654; x_wconf 90' lang='lat' dir='ltr'>O</span> <span class='ocrx_word' id='word_1_39' title='bbox 743 599 919 676; x_wconf 81' lang='lat' dir='ltr'>scelus</span> <span class='ocrx_word' id='word_1_40' title='bbox 966 602 1374 662; x_wconf 80' lang='lat' dir='ltr'>abominandum,</span> 
     </span>
     <span class='ocr_line' id='line_1_7' title="bbox 46 679 1438 752; baseline -0.004 -18"><span class='ocrx_word' id='word_1_41' title='bbox 46 702 93 751; x_wconf 51' lang='lat' dir='ltr'>o¹</span> <span class='ocrx_word' id='word_1_42' title='bbox 109 680 397 752; x_wconf 73' lang='lat' dir='ltr'>deformem</span> <span class='ocrx_word' id='word_1_43' title='bbox 423 679 688 730; x_wconf 78' lang='lat' dir='ltr'>libidinem.</span> <span class='ocrx_word' id='word_1_44' title='bbox 769 684 1065 731; x_wconf 81' lang='lat' dir='ltr'>Exornatur</span> <span class='ocrx_word' id='word_1_45' title='bbox 1089 687 1266 731; x_wconf 78' lang='lat' dir='ltr'>autem</span> <span class='ocrx_word' id='word_1_46' title='bbox 1291 698 1373 730; x_wconf 89' lang='lat' dir='ltr'>res</span> <span class='ocrx_word' id='word_1_47' title='bbox 1389 690 1438 729; x_wconf 75' lang='lat'>41</span> 
     </span>
     <span class='ocr_line' id='line_1_8' title="bbox 45 753 1378 831; baseline -0.002 -22"><span class='ocrx_word' id='word_1_48' title='bbox 45 770 155 810; x_wconf 86' lang='lat' dir='ltr'>tota</span> <span class='ocrx_word' id='word_1_49' title='bbox 172 761 398 808; x_wconf 86' lang='lat' dir='ltr'><strong>maxime</strong></span> <span class='ocrx_word' id='word_1_50' title='bbox 421 758 849 808; x_wconf 79' lang='lat' dir='ltr'>translationibus</span> <span class='ocrx_word' id='word_1_51' title='bbox 867 796 880 816; x_wconf 94' lang='lat'>,</span> <span class='ocrx_word' id='word_1_52' title='bbox 923 759 1191 823; x_wconf 74' lang='lat' dir='ltr'><em>Cupiditas</em></span> <span class='ocrx_word' id='word_1_53' title='bbox 1215 753 1378 831; x_wconf 84' lang='lat' dir='ltr'>effre-</span> 
     </span>
     <span class='ocr_line' id='line_1_9' title="bbox 46 830 1380 907; baseline -0.001 -22"><span class='ocrx_word' id='word_1_54' title='bbox 46 848 188 894; x_wconf 79' lang='lat' dir='ltr'>nata,</span> <span class='ocrx_word' id='word_1_55' title='bbox 225 846 275 884; x_wconf 89' lang='lat' dir='ltr'>et</span> <span class='ocrx_word' id='word_1_56' title='bbox 294 830 945 907; x_wconf 72' lang='lat' dir='ltr'>Insanaeszzbstrucciones.</span> <span class='ocrx_word' id='word_1_57' title='bbox 1022 838 1087 884; x_wconf 89' lang='lat' dir='ltr'>Et</span> <span class='ocrx_word' id='word_1_58' title='bbox 1107 834 1238 885; x_wconf 81' lang='lat' dir='ltr'>solet</span> <span class='ocrx_word' id='word_1_59' title='bbox 1261 834 1380 884; x_wconf 86' lang='lat' dir='ltr'>fieri</span> 
     </span>
     <span class='ocr_line' id='line_1_10' title="bbox 47 911 1380 979; baseline -0.002 -17"><span class='ocrx_word' id='word_1_60' title='bbox 47 915 163 962; x_wconf 84' lang='lat' dir='ltr'><strong>aliis</strong></span> <span class='ocrx_word' id='word_1_61' title='bbox 219 911 478 974; x_wconf 83' lang='lat' dir='ltr'>adjunctis</span> <span class='ocrx_word' id='word_1_62' title='bbox 518 912 794 977; x_wconf 83' lang='lat' dir='ltr'>epitheton</span> <span class='ocrx_word' id='word_1_63' title='bbox 833 922 1046 979; x_wconf 86' lang='lat' dir='ltr'>tropus,</span> <span class='ocrx_word' id='word_1_64' title='bbox 1119 923 1182 962; x_wconf 91' lang='lat' dir='ltr'>ut</span> <span class='ocrx_word' id='word_1_65' title='bbox 1234 911 1380 978; x_wconf 80' lang='lat' dir='ltr'>apud.</span> 
     </span>
     <span class='ocr_line' id='line_1_11' title="bbox 46 984 1382 1060; baseline -0.001 -22"><span class='ocrx_word' id='word_1_66' title='bbox 46 991 358 1055; x_wconf 84' lang='lat' dir='ltr'><strong>Virgilium,</strong></span> <span class='ocrx_word' id='word_1_67' title='bbox 449 990 639 1052; x_wconf 77' lang='lat' dir='ltr'>Turpis</span> <span class='ocrx_word' id='word_1_68' title='bbox 689 984 926 1057; x_wconf 74' lang='lat' dir='ltr'>egestas,</span> <span class='ocrx_word' id='word_1_69' title='bbox 982 1052 985 1060; x_wconf 24' lang='lat'><em>⁶</em></span> <span class='ocrx_word' id='word_1_70' title='bbox 1014 999 1100 1046; x_wconf 88' lang='lat' dir='ltr'>et,</span> <span class='ocrx_word' id='word_1_71' title='bbox 1193 991 1245 1038; x_wconf 91' lang='lat' dir='ltr'><em>T</em></span> <span class='ocrx_word' id='word_1_72' title='bbox 1242 985 1382 1058; x_wconf 79' lang='lat' dir='ltr'>ristis</span> 
     </span>
     <span class='ocr_line' id='line_1_12' title="bbox 34 1062 1384 1139; baseline -0.001 -24"><span class='ocrx_word' id='word_1_73' title='bbox 34 1062 290 1139; x_wconf 78' lang='lat' dir='ltr'>senectus,</span> <span class='ocrx_word' id='word_1_74' title='bbox 357 1067 732 1114; x_wconf 82' lang='lat' dir='ltr'>Verumtamen</span> <span class='ocrx_word' id='word_1_75' title='bbox 771 1065 885 1115; x_wconf 84' lang='lat' dir='ltr'><strong>talis</strong></span> <span class='ocrx_word' id='word_1_76' title='bbox 919 1063 1134 1114; x_wconf 70' lang='lat' dir='ltr'>esti-atio</span> <span class='ocrx_word' id='word_1_77' title='bbox 1159 1065 1384 1128; x_wconf 83' lang='lat' dir='ltr'>hujusce</span> 
     </span>
     <span class='ocr_line' id='line_1_13' title="bbox 48 1139 1381 1207; baseline -0.001 -15"><span class='ocrx_word' id='word_1_78' title='bbox 48 1143 288 1198; x_wconf 79' lang='lat' dir='ltr'>virtutis,</span> <span class='ocrx_word' id='word_1_79' title='bbox 331 1152 394 1191; x_wconf 86' lang='lat' dir='ltr'>ut</span> <span class='ocrx_word' id='word_1_80' title='bbox 440 1141 556 1195; x_wconf 78' lang='lat' dir='ltr'>fine,</span> <span class='ocrx_word' id='word_1_81' title='bbox 589 1140 834 1207; x_wconf 79' lang='lat' dir='ltr'>appofitis</span> <span class='ocrx_word' id='word_1_82' title='bbox 863 1141 1013 1191; x_wconf 80' lang='lat' dir='ltr'>nuda</span> <span class='ocrx_word' id='word_1_83' title='bbox 1055 1139 1111 1190; x_wconf 82' lang='lat' dir='ltr'>fit</span> <span class='ocrx_word' id='word_1_84' title='bbox 1145 1153 1196 1190; x_wconf 89' lang='lat' dir='ltr'>et</span> <span class='ocrx_word' id='word_1_85' title='bbox 1228 1143 1381 1193; x_wconf 84' lang='lat' dir='ltr'>velut</span> 
     </span>
     <span class='ocr_line' id='line_1_14' title="bbox 49 1220 1454 1278; baseline -0.001 -10"><span class='ocrx_word' id='word_1_86' title='bbox 49 1221 282 1269; x_wconf 86' lang='lat' dir='ltr'>incomta</span> <span class='ocrx_word' id='word_1_87' title='bbox 317 1220 510 1278; x_wconf 82' lang='lat' dir='ltr'>oratio;</span> <span class='ocrx_word' id='word_1_88' title='bbox 552 1229 804 1268; x_wconf 85' lang='lat' dir='ltr'>oneretur</span> <span class='ocrx_word' id='word_1_89' title='bbox 829 1230 1005 1272; x_wconf 82' lang='lat' dir='ltr'>tamen</span> <span class='ocrx_word' id='word_1_90' title='bbox 1021 1220 1218 1270; x_wconf 79' lang='lat' dir='ltr'>multis.</span> <span class='ocrx_word' id='word_1_91' title='bbox 1259 1236 1384 1270; x_wconf 89' lang='lat' dir='ltr'>nam</span> <span class='ocrx_word' id='word_1_92' title='bbox 1401 1234 1454 1273; x_wconf 74' lang='lat'>42</span> 
     </span>
    </p>
   </div>
   <div class='ocr_carea' id='block_1_3' title="bbox 55 1374 1433 2098">
    <p class='ocr_par' dir='ltr' id='par_1_3' title="bbox 55 1374 1433 1872">
     <span class='ocr_line' id='line_1_15' title="bbox 133 1374 1389 1425; baseline 0.002 -13"><span class='ocrx_word' id='word_1_93' title='bbox 133 1379 256 1425; x_wconf 75' lang='lat' dir='ltr'>itaque</span> <span class='ocrx_word' id='word_1_94' title='bbox 285 1384 332 1413; x_wconf 75' lang='lat' dir='ltr'>oe.</span> <span class='ocrx_word' id='word_1_95' title='bbox 375 1378 438 1413; x_wconf 88' lang='lat' dir='ltr'>Sic</span> <span class='ocrx_word' id='word_1_96' title='bbox 465 1376 597 1412; x_wconf 74' lang='lat' dir='ltr'>Tui-ic.</span> <span class='ocrx_word' id='word_1_97' title='bbox 646 1376 750 1413; x_wconf 79' lang='lat' dir='ltr'>Flor.</span> <span class='ocrx_word' id='word_1_98' title='bbox 785 1374 913 1412; x_wconf 77' lang='lat' dir='ltr'>Guelf.</span> <span class='ocrx_word' id='word_1_99' title='bbox 955 1377 1073 1416; x_wconf 87' lang='lat' dir='ltr'>Goth.</span> <span class='ocrx_word' id='word_1_100' title='bbox 1115 1378 1214 1423; x_wconf 82' lang='lat' dir='ltr'>(tac.</span> <span class='ocrx_word' id='word_1_101' title='bbox 1247 1379 1389 1422; x_wconf 86' lang='lat' dir='ltr'>Gesn.)</span> 
     </span>
     <span class='ocr_line' id='line_1_16' title="bbox 55 1431 1387 1482; baseline 0.002 -15"><span class='ocrx_word' id='word_1_102' title='bbox 55 1433 188 1481; x_wconf 83' lang='lat' dir='ltr'><strong>Camp.</strong></span> <span class='ocrx_word' id='word_1_103' title='bbox 222 1445 310 1467; x_wconf 85' lang='lat' dir='ltr'>eum</span> <span class='ocrx_word' id='word_1_104' title='bbox 333 1433 464 1481; x_wconf 84' lang='lat' dir='ltr'>Steph.</span> <span class='ocrx_word' id='word_1_105' title='bbox 487 1431 638 1480; x_wconf 82' lang='lat' dir='ltr'>Gryph.</span> <span class='ocrx_word' id='word_1_106' title='bbox 665 1433 760 1468; x_wconf 81' lang='lat' dir='ltr'>Obr.</span> <span class='ocrx_word' id='word_1_107' title='bbox 784 1441 819 1467; x_wconf 75' lang='lat' dir='ltr'>et</span> <span class='ocrx_word' id='word_1_108' title='bbox 847 1434 970 1481; x_wconf 79' lang='lat' dir='ltr'>itaque</span> <span class='ocrx_word' id='word_1_109' title='bbox 990 1434 1087 1471; x_wconf 83' lang='lat' dir='ltr'>Jens.</span> <span class='ocrx_word' id='word_1_110' title='bbox 1122 1431 1223 1482; x_wconf 82' lang='lat' dir='ltr'>(tac.</span> <span class='ocrx_word' id='word_1_111' title='bbox 1248 1434 1387 1482; x_wconf 86' lang='lat' dir='ltr'>Gesn.)</span> 
     </span>
     <span class='ocr_line' id='line_1_17' title="bbox 57 1487 1433 1535; baseline 0.001 -11"><span class='ocrx_word' id='word_1_112' title='bbox 57 1501 146 1524; x_wconf 84' lang='lat' dir='ltr'>cum</span> <span class='ocrx_word' id='word_1_113' title='bbox 178 1487 263 1522; x_wconf 84' lang='lat' dir='ltr'>edd.</span> <span class='ocrx_word' id='word_1_114' title='bbox 289 1499 374 1524; x_wconf 84' lang='lat' dir='ltr'>ante</span> <span class='ocrx_word' id='word_1_115' title='bbox 403 1491 525 1524; x_wconf 83' lang='lat' dir='ltr'>Stoer.</span> <span class='ocrx_word' id='word_1_116' title='bbox 585 1487 743 1535; x_wconf 83' lang='lat' dir='ltr'>Reliqui</span> <span class='ocrx_word' id='word_1_117' title='bbox 772 1497 807 1523; x_wconf 81' lang='lat' dir='ltr'>et</span> <span class='ocrx_word' id='word_1_118' title='bbox 837 1491 901 1524; x_wconf 80' lang='lat' dir='ltr'>ita.</span> <span class='ocrx_word' id='word_1_119' title='bbox 941 1490 1044 1526; x_wconf 83' lang='lat' dir='ltr'>Voff.</span> <span class='ocrx_word' id='word_1_120' title='bbox 1082 1500 1116 1524; x_wconf 85' lang='lat'>2.</span> <span class='ocrx_word' id='word_1_121' title='bbox 1150 1499 1186 1524; x_wconf 73' lang='lat' dir='ltr'>et</span> <span class='ocrx_word' id='word_1_122' title='bbox 1206 1490 1387 1525; x_wconf 83' lang='lat' dir='ltr'>omittere</span> <span class='ocrx_word' id='word_1_123' title='bbox 1429 1530 1433 1534; x_wconf 77' lang='lat'><em>.</em></span> 
     </span>
     <span class='ocr_line' id='line_1_18' title="bbox 57 1543 1386 1594; baseline 0.002 -15"><span class='ocrx_word' id='word_1_124' title='bbox 57 1543 296 1594; x_wconf 79' lang='lat' dir='ltr'>perhibetur.</span> <span class='ocrx_word' id='word_1_125' title='bbox 323 1546 337 1551; x_wconf 70' lang='lat'><strong><em>‘</em></strong></span> <span class='ocrx_word' id='word_1_126' title='bbox 519 1543 635 1578; x_wconf 82' lang='lat' dir='ltr'>albos.</span> <span class='ocrx_word' id='word_1_127' title='bbox 666 1545 798 1580; x_wconf 79' lang='lat' dir='ltr'>Turic.</span> <span class='ocrx_word' id='word_1_128' title='bbox 829 1543 880 1592; x_wconf 83' lang='lat' dir='ltr'>(a</span> <span class='ocrx_word' id='word_1_129' title='bbox 902 1558 959 1593; x_wconf 81' lang='lat' dir='ltr'>pr.</span> <span class='ocrx_word' id='word_1_130' title='bbox 982 1546 1128 1594; x_wconf 71' lang='lat' dir='ltr'>manu)</span> <span class='ocrx_word' id='word_1_131' title='bbox 1159 1547 1188 1580; x_wconf 85' lang='lat' dir='ltr'>F</span> <span class='ocrx_word' id='word_1_132' title='bbox 1190 1545 1263 1581; x_wconf 82' lang='lat' dir='ltr'>lor.</span> <span class='ocrx_word' id='word_1_133' title='bbox 1290 1545 1386 1582; x_wconf 84' lang='lat' dir='ltr'>abbo</span> 
     </span>
     <span class='ocr_line' id='line_1_19' title="bbox 59 1597 1386 1647; baseline 0.002 -12"><span class='ocrx_word' id='word_1_134' title='bbox 59 1613 149 1635; x_wconf 91' lang='lat' dir='ltr'>cum</span> <span class='ocrx_word' id='word_1_135' title='bbox 187 1597 290 1635; x_wconf 80' lang='lat' dir='ltr'>Alm.</span> <span class='ocrx_word' id='word_1_136' title='bbox 359 1597 520 1647; x_wconf 84' lang='lat' dir='ltr'>Reliqui</span> <span class='ocrx_word' id='word_1_137' title='bbox 563 1599 650 1634; x_wconf 81' lang='lat' dir='ltr'><strong>albi.</strong></span> <span class='ocrx_word' id='word_1_138' title='bbox 887 1602 942 1636; x_wconf 80' lang='lat' dir='ltr'>iis.</span> <span class='ocrx_word' id='word_1_139' title='bbox 1003 1602 1064 1636; x_wconf 83' lang='lat' dir='ltr'>Sic</span> <span class='ocrx_word' id='word_1_140' title='bbox 1109 1603 1252 1637; x_wconf 72' lang='lat' dir='ltr'>Turio..</span> <span class='ocrx_word' id='word_1_141' title='bbox 1281 1602 1386 1638; x_wconf 83' lang='lat' dir='ltr'>Flor.</span> 
     </span>
     <span class='ocr_line' id='line_1_20' title="bbox 59 1655 1387 1706; baseline 0.004 -17"><span class='ocrx_word' id='word_1_142' title='bbox 59 1655 220 1704; x_wconf 77' lang='lat' dir='ltr'>Reliqui</span> <span class='ocrx_word' id='word_1_143' title='bbox 253 1655 319 1690; x_wconf 81' lang='lat' dir='ltr'>his.</span> <span class='ocrx_word' id='word_1_144' title='bbox 542 1656 852 1703; x_wconf 71' lang='lat' dir='ltr'>reprehendemus.</span> <span class='ocrx_word' id='word_1_145' title='bbox 913 1657 975 1692; x_wconf 80' lang='lat' dir='ltr'>Sic</span> <span class='ocrx_word' id='word_1_146' title='bbox 1010 1659 1143 1706; x_wconf 81' lang='lat' dir='ltr'><strong>Camp.</strong></span> <span class='ocrx_word' id='word_1_147' title='bbox 1170 1671 1259 1693; x_wconf 86' lang='lat' dir='ltr'>cum</span> <span class='ocrx_word' id='word_1_148' title='bbox 1287 1660 1387 1696; x_wconf 84' lang='lat' dir='ltr'>Jens.</span> 
     </span>
     <span class='ocr_line' id='line_1_21' title="bbox 59 1711 1390 1763; baseline 0.002 -16"><span class='ocrx_word' id='word_1_149' title='bbox 59 1715 160 1756; x_wconf 82' lang='lat' dir='ltr'>(tac.</span> <span class='ocrx_word' id='word_1_150' title='bbox 195 1712 332 1758; x_wconf 84' lang='lat' dir='ltr'>Gesn.)</span> <span class='ocrx_word' id='word_1_151' title='bbox 358 1711 462 1748; x_wconf 78' lang='lat' dir='ltr'>Vols.</span> <span class='ocrx_word' id='word_1_152' title='bbox 495 1720 531 1746; x_wconf 84' lang='lat'>2.</span> <span class='ocrx_word' id='word_1_153' title='bbox 559 1712 679 1746; x_wconf 84' lang='lat' dir='ltr'>Andr.</span> <span class='ocrx_word' id='word_1_154' title='bbox 711 1714 824 1748; x_wconf 82' lang='lat' dir='ltr'>Tarv.</span> <span class='ocrx_word' id='word_1_155' title='bbox 860 1712 941 1749; x_wconf 85' lang='lat' dir='ltr'><strong>Ald.</strong></span> <span class='ocrx_word' id='word_1_156' title='bbox 968 1713 1064 1750; x_wconf 86' lang='lat' dir='ltr'>Obr.</span> <span class='ocrx_word' id='word_1_157' title='bbox 1093 1715 1390 1763; x_wconf 76' lang='lat' dir='ltr'>reprehendimus</span> 
     </span>
     <span class='ocr_line' id='line_1_22' title="bbox 61 1766 1388 1820; baseline 0.001 -16"><span class='ocrx_word' id='word_1_158' title='bbox 61 1766 179 1804; x_wconf 82' lang='lat' dir='ltr'>Goth.</span> <span class='ocrx_word' id='word_1_159' title='bbox 213 1770 309 1811; x_wconf 87' lang='lat' dir='ltr'>(tac.</span> <span class='ocrx_word' id='word_1_160' title='bbox 340 1767 478 1811; x_wconf 85' lang='lat' dir='ltr'>Gesn.)</span> <span class='ocrx_word' id='word_1_161' title='bbox 505 1781 593 1802; x_wconf 87' lang='lat' dir='ltr'>cum</span> <span class='ocrx_word' id='word_1_162' title='bbox 625 1769 719 1804; x_wconf 84' lang='lat' dir='ltr'>Loe.</span> <span class='ocrx_word' id='word_1_163' title='bbox 751 1779 788 1804; x_wconf 82' lang='lat' dir='ltr'>ct</span> <span class='ocrx_word' id='word_1_164' title='bbox 818 1769 903 1804; x_wconf 85' lang='lat' dir='ltr'>edd.</span> <span class='ocrx_word' id='word_1_165' title='bbox 938 1781 1023 1806; x_wconf 85' lang='lat' dir='ltr'>ante</span> <span class='ocrx_word' id='word_1_166' title='bbox 1053 1770 1203 1820; x_wconf 81' lang='lat' dir='ltr'>Gryph.</span> <span class='ocrx_word' id='word_1_167' title='bbox 1233 1772 1388 1819; x_wconf 76' lang='lat' dir='ltr'>prehen-</span> 
     </span>
     <span class='ocr_line' id='line_1_23' title="bbox 62 1819 1322 1872; baseline 0.001 -12"><span class='ocrx_word' id='word_1_168' title='bbox 62 1824 187 1860; x_wconf 79' lang='lat' dir='ltr'>demus</span> <span class='ocrx_word' id='word_1_169' title='bbox 223 1823 352 1860; x_wconf 77' lang='lat' dir='ltr'>Turic.</span> <span class='ocrx_word' id='word_1_170' title='bbox 391 1823 647 1872; x_wconf 79' lang='lat' dir='ltr'>prehendimus</span> <span class='ocrx_word' id='word_1_171' title='bbox 683 1823 785 1860; x_wconf 85' lang='lat' dir='ltr'>Flor.</span> <span class='ocrx_word' id='word_1_172' title='bbox 820 1823 946 1861; x_wconf 82' lang='lat' dir='ltr'>Guelf.</span> <span class='ocrx_word' id='word_1_173' title='bbox 1320 1819 1322 1821; x_wconf 66' lang='lat'>‚</span> 
     </span>
    </p>

    <p class='ocr_par' dir='ltr' id='par_1_4' title="bbox 144 1879 1333 1929">
     <span class='ocr_line' id='line_1_24' title="bbox 144 1879 1333 1929; baseline 0.003 -13"><span class='ocrx_word' id='word_1_174' title='bbox 144 1889 338 1916; x_wconf 74' lang='lat' dir='ltr'>oratorem.</span> <span class='ocrx_word' id='word_1_175' title='bbox 397 1880 527 1915; x_wconf 82' lang='lat' dir='ltr'>Turic.</span> <span class='ocrx_word' id='word_1_176' title='bbox 562 1879 689 1916; x_wconf 86' lang='lat' dir='ltr'>Guelf.</span> <span class='ocrx_word' id='word_1_177' title='bbox 723 1882 854 1929; x_wconf 78' lang='lat' dir='ltr'><strong>Camp.</strong></span> <span class='ocrx_word' id='word_1_178' title='bbox 885 1884 1095 1917; x_wconf 74' lang='lat' dir='ltr'>orationem</span> <span class='ocrx_word' id='word_1_179' title='bbox 1116 1895 1205 1918; x_wconf 89' lang='lat' dir='ltr'>cum</span> <span class='ocrx_word' id='word_1_180' title='bbox 1226 1882 1333 1921; x_wconf 87' lang='lat' dir='ltr'>Alm.</span> 
     </span>
    </p>

    <p class='ocr_par' dir='ltr' id='par_1_5' title="bbox 137 1934 1276 1987">
     <span class='ocr_line' id='line_1_25' title="bbox 137 1934 1276 1987; baseline 0.004 -17"><span class='ocrx_word' id='word_1_181' title='bbox 137 1934 174 1986; x_wconf 87' lang='lat' dir='ltr'><em>fi</em></span> <span class='ocrx_word' id='word_1_182' title='bbox 185 1935 278 1986; x_wconf 82' lang='lat' dir='ltr'>fine.</span> <span class='ocrx_word' id='word_1_183' title='bbox 336 1935 466 1975; x_wconf 76' lang='lat' dir='ltr'>Turio.</span> <span class='ocrx_word' id='word_1_184' title='bbox 505 1935 606 1971; x_wconf 73' lang='lat' dir='ltr'>Flor.</span> <span class='ocrx_word' id='word_1_185' title='bbox 636 1935 762 1972; x_wconf 85' lang='lat' dir='ltr'>Guelf.</span> <span class='ocrx_word' id='word_1_186' title='bbox 797 1937 985 1973; x_wconf 86' lang='lat' dir='ltr'>omittunt</span> <span class='ocrx_word' id='word_1_187' title='bbox 996 1937 1033 1987; x_wconf 89' lang='lat' dir='ltr'><em>fi</em></span> <span class='ocrx_word' id='word_1_188' title='bbox 1055 1951 1144 1974; x_wconf 88' lang='lat' dir='ltr'>eum</span> <span class='ocrx_word' id='word_1_189' title='bbox 1172 1939 1276 1975; x_wconf 85' lang='lat' dir='ltr'>Alm.</span> 
     </span>
    </p>

    <p class='ocr_par' dir='ltr' id='par_1_6' title="bbox 146 1989 1390 2040">
     <span class='ocr_line' id='line_1_26' title="bbox 146 1989 1390 2040; baseline 0.006 -15"><span class='ocrx_word' id='word_1_190' title='bbox 146 1998 210 2035; x_wconf 77' lang='lat'>4¹·</span> <span class='ocrx_word' id='word_1_191' title='bbox 241 1989 406 2039; x_wconf 63' lang='lat' dir='ltr'>Insauhe.</span> <span class='ocrx_word' id='word_1_192' title='bbox 437 1992 568 2026; x_wconf 80' lang='lat' dir='ltr'>Turio.</span> <span class='ocrx_word' id='word_1_193' title='bbox 597 1990 700 2026; x_wconf 82' lang='lat' dir='ltr'>Flor.</span> <span class='ocrx_word' id='word_1_194' title='bbox 734 1991 936 2040; x_wconf 73' lang='lat' dir='ltr'>insanatae.</span> <span class='ocrx_word' id='word_1_195' title='bbox 976 1995 1037 2028; x_wconf 86' lang='lat' dir='ltr'>Ex</span> <span class='ocrx_word' id='word_1_196' title='bbox 1058 1994 1159 2029; x_wconf 81' lang='lat' dir='ltr'>Alm.</span> <span class='ocrx_word' id='word_1_197' title='bbox 1186 2009 1220 2030; x_wconf 88' lang='lat' dir='ltr'><strong>m</strong></span> <span class='ocrx_word' id='word_1_198' title='bbox 1247 2010 1270 2031; x_wconf 88' lang='lat' dir='ltr'><strong><em>a</em></strong></span> <span class='ocrx_word' id='word_1_199' title='bbox 1292 2006 1390 2035; x_wconf 78' lang='lat' dir='ltr'>nate.</span> 
     </span>
    </p>

    <p class='ocr_par' dir='ltr' id='par_1_7' title="bbox 98 2045 1392 2098">
     <span class='ocr_line' id='line_1_27' title="bbox 98 2045 1392 2098; baseline 0.006 -17"><span class='ocrx_word' id='word_1_200' title='bbox 98 2058 99 2063; x_wconf 60' lang='lat'>¹</span> <span class='ocrx_word' id='word_1_201' title='bbox 153 2055 288 2095; x_wconf 81' lang='lat' dir='ltr'>tropus.</span> <span class='ocrx_word' id='word_1_202' title='bbox 346 2046 477 2082; x_wconf 82' lang='lat' dir='ltr'>Turic.</span> <span class='ocrx_word' id='word_1_203' title='bbox 516 2045 618 2082; x_wconf 83' lang='lat' dir='ltr'>Flor.</span> <span class='ocrx_word' id='word_1_204' title='bbox 663 2047 789 2083; x_wconf 86' lang='lat' dir='ltr'>Guelf.</span> <span class='ocrx_word' id='word_1_205' title='bbox 832 2049 964 2097; x_wconf 81' lang='lat' dir='ltr'><strong>Camp.</strong></span> <span class='ocrx_word' id='word_1_206' title='bbox 1003 2052 1120 2098; x_wconf 76' lang='lat' dir='ltr'>tropis</span> <span class='ocrx_word' id='word_1_207' title='bbox 1150 2063 1236 2085; x_wconf 89' lang='lat' dir='ltr'>cum</span> <span class='ocrx_word' id='word_1_208' title='bbox 1271 2052 1392 2089; x_wconf 86' lang='lat' dir='ltr'>Goth.</span> 
     </span>
    </p>
   </div>
   <div class='ocr_carea' id='block_1_4' title="bbox 68 2101 1395 2267">
    <p class='ocr_par' dir='ltr' id='par_1_8' title="bbox 68 2101 1395 2267">
     <span class='ocr_line' id='line_1_28' title="bbox 69 2101 1395 2145; baseline 0.005 -9"><span class='ocrx_word' id='word_1_209' title='bbox 69 2101 182 2139; x_wconf 88' lang='lat' dir='ltr'><strong>Colb.</strong></span> <span class='ocrx_word' id='word_1_210' title='bbox 207 2101 309 2137; x_wconf 78' lang='lat' dir='ltr'>Alm.</span> <span class='ocrx_word' id='word_1_211' title='bbox 340 2102 445 2140; x_wconf 71' lang='lat' dir='ltr'>Vols.</span> <span class='ocrx_word' id='word_1_212' title='bbox 468 2111 503 2136; x_wconf 89' lang='lat'>2.</span> <span class='ocrx_word' id='word_1_213' title='bbox 538 2112 574 2137; x_wconf 90' lang='lat' dir='ltr'>et</span> <span class='ocrx_word' id='word_1_214' title='bbox 596 2102 679 2137; x_wconf 86' lang='lat' dir='ltr'>edd.</span> <span class='ocrx_word' id='word_1_215' title='bbox 700 2113 784 2138; x_wconf 79' lang='lat' dir='ltr'>ante</span> <span class='ocrx_word' id='word_1_216' title='bbox 808 2103 904 2140; x_wconf 86' lang='lat' dir='ltr'>Obr.</span> <span class='ocrx_word' id='word_1_217' title='bbox 1125 2108 1233 2142; x_wconf 80' lang='lat' dir='ltr'>ratio.</span> <span class='ocrx_word' id='word_1_218' title='bbox 1259 2108 1395 2145; x_wconf 58' lang='lat' dir='ltr'>Tu1·ic.⁴</span> 
     </span>
     <span class='ocr_line' id='line_1_29' title="bbox 68 2156 1394 2199; baseline 0.003 -4"><span class='ocrx_word' id='word_1_219' title='bbox 68 2157 173 2195; x_wconf 65' lang='lat' dir='ltr'>flor.</span> <span class='ocrx_word' id='word_1_220' title='bbox 213 2156 339 2194; x_wconf 82' lang='lat' dir='ltr'>Guelf.</span> <span class='ocrx_word' id='word_1_221' title='bbox 371 2158 485 2193; x_wconf 78' lang='lat' dir='ltr'>Tarv.</span> <span class='ocrx_word' id='word_1_222' title='bbox 515 2160 648 2194; x_wconf 78' lang='lat' dir='ltr'>oratio.</span> <span class='ocrx_word' id='word_1_223' title='bbox 856 2159 966 2196; x_wconf 80' lang='lat' dir='ltr'>nuda.</span> <span class='ocrx_word' id='word_1_224' title='bbox 997 2160 1128 2197; x_wconf 84' lang='lat' dir='ltr'>Turio.</span> <span class='ocrx_word' id='word_1_225' title='bbox 1160 2161 1263 2198; x_wconf 82' lang='lat' dir='ltr'>Flor.</span> <span class='ocrx_word' id='word_1_226' title='bbox 1297 2165 1394 2199; x_wconf 79' lang='lat' dir='ltr'>unde</span> 
     </span>
     <span class='ocr_line' id='line_1_30' title="bbox 71 2213 1392 2267; baseline 0.006 -20"><span class='ocrx_word' id='word_1_227' title='bbox 71 2227 160 2250; x_wconf 81' lang='lat' dir='ltr'>cum</span> <span class='ocrx_word' id='word_1_228' title='bbox 190 2213 292 2249; x_wconf 79' lang='lat' dir='ltr'><strong>Alm.</strong></span> <span class='ocrx_word' id='word_1_229' title='bbox 489 2216 634 2253; x_wconf 63' lang='lat' dir='ltr'>Oratim·</span> <span class='ocrx_word' id='word_1_230' title='bbox 682 2223 850 2251; x_wconf 76' lang='lat' dir='ltr'>oneretur</span> <span class='ocrx_word' id='word_1_231' title='bbox 883 2225 1015 2252; x_wconf 78' lang='lat' dir='ltr'>tamen.</span> <span class='ocrx_word' id='word_1_232' title='bbox 1071 2218 1133 2253; x_wconf 84' lang='lat' dir='ltr'>Sic</span> <span class='ocrx_word' id='word_1_233' title='bbox 1164 2219 1262 2256; x_wconf 87' lang='lat' dir='ltr'>Jens.</span> <span class='ocrx_word' id='word_1_234' title='bbox 1292 2218 1392 2267; x_wconf 84' lang='lat' dir='ltr'>(tac.</span> 
     </span>
    </p>
   </div>
   <div class='ocr_carea' id='block_1_5' title="bbox 74 2270 1394 2379">
    <p class='ocr_par' dir='ltr' id='par_1_9' title="bbox 74 2270 1394 2379">
     <span class='ocr_line' id='line_1_31' title="bbox 74 2270 1394 2318; baseline 0.003 -11"><span class='ocrx_word' id='word_1_235' title='bbox 74 2270 211 2315; x_wconf 81' lang='lat' dir='ltr'>Gesn.)</span> <span class='ocrx_word' id='word_1_236' title='bbox 256 2283 346 2305; x_wconf 88' lang='lat' dir='ltr'>cum</span> <span class='ocrx_word' id='word_1_237' title='bbox 389 2270 474 2305; x_wconf 75' lang='lat' dir='ltr'>edd.</span> <span class='ocrx_word' id='word_1_238' title='bbox 512 2270 791 2318; x_wconf 82' lang='lat' dir='ltr'>posterioribus</span> <span class='ocrx_word' id='word_1_239' title='bbox 829 2283 915 2308; x_wconf 81' lang='lat' dir='ltr'>ante</span> <span class='ocrx_word' id='word_1_240' title='bbox 946 2272 1032 2309; x_wconf 81' lang='lat' dir='ltr'><strong>Ald.</strong></span> <span class='ocrx_word' id='word_1_241' title='bbox 1070 2277 1240 2310; x_wconf 78' lang='lat' dir='ltr'>oratione</span> <span class='ocrx_word' id='word_1_242' title='bbox 1270 2285 1394 2311; x_wconf 79' lang='lat' dir='ltr'>tamen</span> 
     </span>
     <span class='ocr_line' id='line_1_32' title="bbox 74 2325 1392 2379; baseline 0.006 -17"><span class='ocrx_word' id='word_1_243' title='bbox 74 2326 206 2362; x_wconf 79' lang='lat' dir='ltr'>Turic.</span> <span class='ocrx_word' id='word_1_244' title='bbox 242 2325 345 2362; x_wconf 80' lang='lat' dir='ltr'>Flor.</span> <span class='ocrx_word' id='word_1_245' title='bbox 373 2325 498 2363; x_wconf 82' lang='lat' dir='ltr'>Guelf.</span> <span class='ocrx_word' id='word_1_246' title='bbox 531 2328 650 2362; x_wconf 75' lang='lat' dir='ltr'>oratio</span> <span class='ocrx_word' id='word_1_247' title='bbox 672 2341 716 2362; x_wconf 83' lang='lat' dir='ltr'>ne</span> <span class='ocrx_word' id='word_1_248' title='bbox 736 2336 857 2364; x_wconf 82' lang='lat' dir='ltr'>tamen</span> <span class='ocrx_word' id='word_1_249' title='bbox 886 2329 1018 2379; x_wconf 83' lang='lat' dir='ltr'>Camp.</span> <span class='ocrx_word' id='word_1_250' title='bbox 1038 2343 1126 2365; x_wconf 88' lang='lat' dir='ltr'>cum</span> <span class='ocrx_word' id='word_1_251' title='bbox 1150 2331 1268 2368; x_wconf 84' lang='lat' dir='ltr'>Goth.</span> <span class='ocrx_word' id='word_1_252' title='bbox 1289 2331 1392 2370; x_wconf 83' lang='lat' dir='ltr'>Alm.</span> 
     </span>
    </p>
   </div>
   <div class='ocr_carea' id='block_1_6' title="bbox 39 2437 1397 2773">
    <p class='ocr_par' dir='ltr' id='par_1_10' title="bbox 39 2437 1397 2773">
     <span class='ocr_line' id='line_1_33' title="bbox 131 2437 1394 2493; baseline 0.007 -22"><span class='ocrx_word' id='word_1_253' title='bbox 131 2437 280 2472; x_wconf 77' lang='lat' dir='ltr'>humida</span> <span class='ocrx_word' id='word_1_254' title='bbox 325 2439 423 2474; x_wconf 79' lang='lat' dir='ltr'>vina.</span> <span class='ocrx_word' id='word_1_255' title='bbox 483 2439 622 2488; x_wconf 84' lang='lat' dir='ltr'>Georg.</span> <span class='ocrx_word' id='word_1_256' title='bbox 667 2449 706 2484; x_wconf 80' lang='lat'>5,</span> <span class='ocrx_word' id='word_1_257' title='bbox 819 2452 885 2486; x_wconf 78' lang='grc' dir='ltr'>Ιμ.</span> <span class='ocrx_word' id='word_1_258' title='bbox 937 2442 1131 2490; x_wconf 79' lang='lat' dir='ltr'>Cupiditas</span> <span class='ocrx_word' id='word_1_259' title='bbox 1158 2462 1213 2470; x_wconf 91' lang='lat'>——</span> <span class='ocrx_word' id='word_1_260' title='bbox 1234 2439 1394 2493; x_wconf 58' lang='lat' dir='ltr'>substrue</span> 
     </span>
     <span class='ocr_line' id='line_1_34' title="bbox 76 2491 1395 2544; baseline 0.007 -15"><span class='ocrx_word' id='word_1_261' title='bbox 76 2491 170 2539; x_wconf 77' lang='grc'>564.</span> <span class='ocrx_word' id='word_1_262' title='bbox 209 2493 256 2529; x_wconf 83' lang='lat' dir='ltr'>cf.</span> <span class='ocrx_word' id='word_1_263' title='bbox 289 2500 326 2537; x_wconf 83' lang='lat'>8,</span> <span class='ocrx_word' id='word_1_264' title='bbox 360 2504 397 2534; x_wconf 84' lang='lat'>2,</span> <span class='ocrx_word' id='word_1_265' title='bbox 425 2506 486 2530; x_wconf 83' lang='lat'>10.</span> <span class='ocrx_word' id='word_1_266' title='bbox 533 2495 707 2544; x_wconf 86' lang='lat' dir='ltr'>Apponit</span> <span class='ocrx_word' id='word_1_267' title='bbox 761 2499 908 2532; x_wconf 76' lang='lat' dir='ltr'>ctiones.</span> <span class='ocrx_word' id='word_1_268' title='bbox 953 2498 1031 2534; x_wconf 86' lang='lat' dir='ltr'><strong>Cic.</strong></span> <span class='ocrx_word' id='word_1_269' title='bbox 1054 2499 1096 2534; x_wconf 88' lang='lat' dir='ltr'>in</span> <span class='ocrx_word' id='word_1_270' title='bbox 1120 2499 1232 2536; x_wconf 75' lang='lat' dir='ltr'>Catil.</span> <span class='ocrx_word' id='word_1_271' title='bbox 1266 2515 1300 2542; x_wconf 81' lang='grc' dir='ltr'>ι,</span> <span class='ocrx_word' id='word_1_272' title='bbox 1332 2513 1395 2539; x_wconf 81' lang='lat'>10.</span> 
     </span>
     <span class='ocr_line' id='line_1_35' title="bbox 39 2548 1186 2599; baseline 0.004 -13"><span class='ocrx_word' id='word_1_273' title='bbox 39 2555 42 2558; x_wconf 74' lang='grc'>’</span> <span class='ocrx_word' id='word_1_274' title='bbox 77 2550 238 2598; x_wconf 78' lang='lat' dir='ltr'>Capper.</span> <span class='ocrx_word' id='word_1_275' title='bbox 291 2548 421 2584; x_wconf 90' lang='lat' dir='ltr'>locum</span> <span class='ocrx_word' id='word_1_276' title='bbox 468 2550 704 2588; x_wconf 83' lang='lat' dir='ltr'>Aristotelis:</span> <span class='ocrx_word' id='word_1_277' title='bbox 760 2555 836 2589; x_wconf 81' lang='lat' dir='ltr'>Pro</span> <span class='ocrx_word' id='word_1_278' title='bbox 858 2553 1008 2590; x_wconf 80' lang='lat' dir='ltr'>Milone</span> <span class='ocrx_word' id='word_1_279' title='bbox 1030 2566 1094 2591; x_wconf 82' lang='lat'>20.</span> <span class='ocrx_word' id='word_1_280' title='bbox 1119 2565 1186 2599; x_wconf 79' lang='lat'>51.</span> 
     </span>
     <span class='ocr_line' id='line_1_36' title="bbox 77 2601 708 2656; baseline 0.002 -15"><span class='ocrx_word' id='word_1_281' title='bbox 77 2605 111 2641; x_wconf 78' lang='grc' dir='ltr'>ἐν</span> <span class='ocrx_word' id='word_1_282' title='bbox 133 2606 197 2651; x_wconf 70' lang='grc' dir='ltr'>μὲν</span> <span class='ocrx_word' id='word_1_283' title='bbox 216 2602 290 2654; x_wconf 71' lang='grc' dir='ltr'>γοῖρ</span> <span class='ocrx_word' id='word_1_284' title='bbox 310 2601 446 2649; x_wconf 74' lang='grc' dir='ltr'><strong><em>ποιήσει</em></strong></span> <span class='ocrx_word' id='word_1_285' title='bbox 464 2605 584 2654; x_wconf 62' lang='grc' dir='ltr'>τρέπει</span> <span class='ocrx_word' id='word_1_286' title='bbox 606 2604 708 2656; x_wconf 72' lang='grc' dir='ltr'>γοῖλοι</span> 
     </span>
     <span class='ocr_line' id='line_1_37' title="bbox 77 2659 1397 2718; baseline 0.009 -23"><span class='ocrx_word' id='word_1_287' title='bbox 77 2659 205 2696; x_wconf 78' lang='grc' dir='ltr'>λευκδν</span> <span class='ocrx_word' id='word_1_288' title='bbox 237 2659 369 2700; x_wconf 72' lang='grc' dir='ltr'>εἰπεῖν,</span> <span class='ocrx_word' id='word_1_289' title='bbox 403 2662 436 2697; x_wconf 76' lang='grc' dir='ltr'>ἐν</span> <span class='ocrx_word' id='word_1_290' title='bbox 465 2661 500 2696; x_wconf 69' lang='grc' dir='ltr'>δὲ</span> <span class='ocrx_word' id='word_1_291' title='bbox 531 2659 631 2712; x_wconf 72' lang='grc' dir='ltr'>λόγῳ</span> <span class='ocrx_word' id='word_1_292' title='bbox 663 2680 708 2693; x_wconf 83' lang='lat'>--</span> <span class='ocrx_word' id='word_1_293' title='bbox 819 2666 919 2713; x_wconf 80' lang='lat' dir='ltr'>apml</span> <span class='ocrx_word' id='word_1_294' title='bbox 946 2666 1155 2714; x_wconf 77' lang='lat' dir='ltr'>Virgilium.</span> <span class='ocrx_word' id='word_1_295' title='bbox 1195 2668 1242 2704; x_wconf 86' lang='lat' dir='ltr'>cf.</span> <span class='ocrx_word' id='word_1_296' title='bbox 1269 2671 1303 2718; x_wconf 82' lang='lat'>§.</span> <span class='ocrx_word' id='word_1_297' title='bbox 1330 2677 1397 2716; x_wconf 78' lang='lat'>27·</span> 
     </span>
     <span class='ocr_line' id='line_1_38' title="bbox 80 2715 1234 2773; baseline 0.009 -21"><span class='ocrx_word' id='word_1_298' title='bbox 80 2715 308 2768; x_wconf 65' lang='grc' dir='ltr'>ἆπςεπὲςερα.</span> <span class='ocrx_word' id='word_1_299' title='bbox 340 2717 452 2755; x_wconf 81' lang='lat' dir='ltr'>Rhet.</span> <span class='ocrx_word' id='word_1_300' title='bbox 479 2727 516 2763; x_wconf 84' lang='lat'>5,</span> <span class='ocrx_word' id='word_1_301' title='bbox 539 2728 576 2764; x_wconf 79' lang='lat'>5,</span> <span class='ocrx_word' id='word_1_302' title='bbox 597 2729 634 2765; x_wconf 79' lang='grc'>5.</span> <span class='ocrx_word' id='word_1_303' title='bbox 762 2721 825 2759; x_wconf 69' lang='lat' dir='ltr'>fit</span> <span class='ocrx_word' id='word_1_304' title='bbox 845 2733 972 2759; x_wconf 81' lang='lat' dir='ltr'>autem</span> <span class='ocrx_word' id='word_1_305' title='bbox 993 2725 1234 2773; x_wconf 72' lang='lat' dir='ltr'>metonymia.</span> 
     </span>
    </p>
   </div>
  </div>
 </body>
</html>
