1586 2990
254 147 419 195 INST.
462 147 739 196 ORATOR.
783 146 904 191 LIB.
938 145 1068 201 VIII,
1109 144 1248 191 PRO.
1339 157 1432 204 179

107 273 478 325 riis-accedere
516 273 723 322 tertiam
764 281 965 339 partem
1014 270 1078 318 ex
1119 275 1435 329 coniectura,

70 408 77 413 ⁷
102 346 334 425 paffetne
350 348 528 421 sieri?
567 360 633 408 et,
672 367 740 398 an
768 343 1194 422 effecsuturum?
1233 347 1299 395 de
1322 359 1432 412 quo

98 427 500 494 deliberaretur.
542 428 642 476 Hic
660 427 938 492 praecipue
954 424 1186 474 diximus
1202 423 1434 491 spectau-

105 503 255 563 dum,
289 507 417 570 quis,
454 504 600 570 apud
623 521 787 569 quem,
822 502 982 566 quid?
1018 501 1228 551 diceret.
1260 502 1434 556 stadi-

106 579 620 649 cialitcm'causarum
663 580 887 646 aliasfin
930 577 1169 644 singulis,
1217 578 1340 627 alias
1373 579 1433 627 in

106 658 354 725 pluribus
393 655 762 707 controversiis
799 653 1097 704 consistere:
1147 665 1198 703 et
1226 657 1285 704 in
1314 656 1434 720 qui-

100 733 333 784 busdam
371 732 604 782 sufficere
651 732 814 783 modo
861 735 1204 789 intentionem,
1263 731 1432 781 modo

0 807 479 884 ³559depulfionem:
512 828 676 877 porro
700 806 1042 880 depulsionem
1071 825 1284 858 omnem
1315 807 1436 857 infi-

106 887 325 937 tiatione
357 887 589 955 duplici,
615 884 916 957 factumne,
955 896 1005 934 et
1024 903 1093 934 αη
1112 883 1205 935 hoc
1220 882 1435 956 saccum
1489 942 1492 945 Δ

191 1065 228 1102 9.
268 1062 306 1089 et
324 1055 362 1089 ἷη
382 1050 922 1103 quibusdam—depulsionem
942 1065 1101 1087 omnem.
1140 1051 1272 1087 Turic.
1306 1051 1435 1090 Guelf.

105 1109 238 1159 Camp.
263 1123 293 1145 e.
318 1112 343 1145 ί.
365 1124 400 1160 q.
427 1111 666 1145 intentionem
690 1109 799 1143 modo
823 1108 859 1142 d.
881 1122 919 1156 p.
941 1122 976 1146 o.
1011 1108 1172 1152 (Turic.
1194 1107 1319 1142 Guelf.
1344 1107 1436 1143 dant

103 1176 212 1205 omne
239 1178 313 1215 pro
345 1167 516 1210 omnem)
554 1179 642 1201 curn
674 1164 792 1201 Goth.
831 1167 930 1210 (err.
955 1164 1093 1208 Gesn.)
1123 1163 1237 1199 Bodl.
1264 1163 1366 1199 Alm.
1398 1174 1437 1200 et

105 1221 192 1258 edd.
221 1232 307 1258 ante
335 1217 428 1258 Bad'.
472 1234 551 1270 quo
577 1235 652 1258 acc.
677 1220 773 1257 Obr.
803 1220 874 1255 nifi
894 1220 1001 1268 quod
1026 1218 1166 1268 depuls.
1193 1220 1326 1256 inserit
1352 1220 1436 1269 post

104 1291 229 1327 porro.
263 1271 375 1317 'Vossl
400 1288 437 1314 2.
466 1276 596 1314 omnia
623 1278 716 1313 haec
747 1290 766 1311 a
789 1272 976 1326 consistere
995 1276 1086 1311 inde
1108 1275 1156 1310 ad
1177 1289 1292 1324 porro
1323 1275 1436 1325 (non

106 1333 276 1380 subjecto
303 1331 581 1384 depulsionem)
610 1334 754 1369 dicitur
776 1333 968 1374 omittere,
997 1332 1142 1368 deserto
1162 1326 1231 1367 isse
1252 1333 1434 1369 Gothano

108 1389 175 1426 suo
206 1389 283 1435 (cf.
307 1389 441 1430 modo,
471 1390 565 1426 item
594 1393 629 1438 ᾖ,
657 1390 758 1434 12·).
798 1388 943 1425 Badius
976 1387 1136 1437 quidem
1161 1388 1207 1423 de
1233 1389 1300 1424 suo
1328 1389 1436 1423 addi-

110 1444 170 1482 dit
183 1442 364 1493 sufficere
389 1445 524 1485 modo,
562 1445 786 1494 scripturam
815 1445 948 1493 supine
983 1453 1177 1492 receptam
1209 1457 1228 1478 a
1253 1444 1438 1493 reliquis.

111 1500 307 1536 Sententia
340 1501 431 1536 inde
459 1501 611 1536 nascens
639 1497 746 1536 nulla
772 1500 884 1551 plane
915 1500 975 1535 est.
1035 1499 1198 1546 Quando
1222 1501 1326 1536 enim
1357 1500 1438 1536 ulla

110 1556 216 1598 eausa
241 1556 364 1604 potest
390 1566 455 1592 aut
484 1557 700 1592 intentione
729 1569 854 1592 carere
876 1566 941 1591 aut
969 1553 1222 1605 depulfione?
1275 1557 1438 1593 Nedum

103 1622 155 1647 ‹ut
185 1625 347 1660 usquam
377 1613 421 1647 in
449 1612 714 1661 superioribus
746 1613 818 1648 tale
841 1612 938 1661 quid
968 1611 1112 1647 dixerit
1140 1611 1286 1653 noster,
1328 1612 1437 1660 quod.

110 1678 238 1702 tamen
280 1667 535 1704 demonstrare
574 1668 735 1704 debebat
767 1669 988 1704 emendator
1015 1667 1181 1708 Badius,
1232 1669 1437 1718 anquirere

110 1727 237 1759 eutem
268 1723 514 1760 recentiores.
581 1726 725 1759 Ponam
759 1723 959 1774 quomodo
991 1723 1083 1758 haec
1109 1734 1184 1759 tam
1217 1726 1436 1774 portentosa

110 1779 358 1829 interpretari
378 1780 448 1815 fibi
473 1780 576 1815 visus
605 1781 650 1816 fit
673 1780 906 1828 Gedoynus:
946 1789 982 1814 et
1002 1781 1106 1828 qu'en
1127 1781 1385 1829 quelque-<unes
1409 1781 1439 1815 il

102 1831 215 1885 suffit
239 1836 284 1871 de
303 1834 347 1884 se
373 1845 500 1885 portet·
509 1835 746 1887 simplement
764 1851 859 1886 pour
878 1837 1101 1871 ‹lemanzleur
1122 1850 1169 1872 οιι
1185 1851 1280 1886 pour
1310 1836 1437 1885 de'fen-

83 1891 212 1930 xdeur.
269 1892 423 1928 Nititur
449 1893 594 1928 Badius
632 1891 721 1928 loco
754 1902 789 1936 3,
816 1905 851 1941 9,
887 1906 921 1928 1.
957 1891 1147 1941 aptiffimo
1177 1892 1262 1934 illo,
1294 1894 1318 1927 fi
1350 1893 1437 1942 quis

113 1947 330 1983 convellere
372 1948 503 1997 cupiat
536 1948 653 1997 ipsius
682 1949 920 1997 scripturam.
993 1947 1213 1984 Obrechtus
1251 1947 1438 1984 reducens

63 2017 71 2021 “
110 2013 282 2039 veterem
311 2003 625 2039 constitutionem
652 2005 865 2040 verborum
898 2003 1118 2039 dirimendo
1142 2017 1224 2039 eam
1255 2004 1439 2050 adjuvare

115 2069 273 2099 conatus
295 2059 368 2094 est:
411 2067 447 2094 et
468 2060 506 2093 in
526 2059 742 2107 quibusdam
763 2061 1015 2098 intentionem,-
1046 2061 1155 2097 modo
1179 2058 1441 2110 depulsionem.

113 2114 276 2163 Accepit
300 2113 478 2163 profecto
506 2116 544 2150 in
572 2115 789 2164 quibusdam
820 2126 858 2150 et
890 2115 998 2150 modo
1033 2114 1103 2149 fibi
1132 2117 1322 2163 oppofita,
1360 2129 1439 2164 quo
1475 2114 1482 2120 “

114 2182 223 2205 more
243 2170 387 2206 variari
412 2170 583 2206 invicem
609 2169 725 2206 relata
749 2170 953 2206 docuimus
977 2170 1024 2204 ad
1045 2170 1082 2211 6,
1104 2181 1139 2210 2,
1167 2182 1229 2207 12.
1288 2171 1362 2208 Sed
1392 2185 1442 2207 ne

67 2230 70 2237 “
114 2225 190 2262 hoc
213 2226 371 2274 quidem
389 2224 557 2275 proficit,
589 2239 677 2261 cum
702 2226 793 2262 desit
815 2225 1035 2262 infinitivus
1057 2226 1274 2262 reddendus
1296 2229 1442 2263 accusa-

115 2281 208 2317 tivis
238 2283 366 2316 intent.
398 2281 536 2330 depuls.
571 2295 686 2330 quem
708 2284 733 2317 fi
756 2281 950 2317 intellexit
980 2281 1074 2318 Obr.
1099 2279 1261 2330 constare
1282 2283 1324 2317 in
1354 2282 1442 2324 fine,

117 2336 221 2372 nihil
239 2338 330 2388 egit.
357 2337 744 2375 Pseudo-Turnebus
766 2349 921 2389 optans:
952 2338 1100 2380 „modo
1114 2339 1250 2375 intent.
1273 2348 1308 2375 el:
1328 2339 1443 2389 dep.“

170 2472 214 2508 9.
246 2462 389 2496 terticzm
408 2470 561 2510 partem.
591 2462 748 2503 „Nimi-
865 2471 900 2497 et
922 2462 960 2496 ίη
990 2460 1205 2510 quibusdam
1232 2481 1287 2490 -—-
1314 2462 1442 2511 depul-

117 2529 235 2558 „rum
257 2516 348 2552 duas
370 2516 513 2552 habent
527 2531 750 2554 communes
798 2518 943 2569 sionem
999 2531 1154 2554 omnem.
1221 2518 1312 2555 vide
1361 2529 1443 2557 not.

117 2585 236 2614 „cum
269 2570 572 2620 demonstrativa,
613 2574 658 2610 de
689 2575 751 2610 ho·
809 2575 893 2610 crit.

116 2625 255 2676 „uestis
272 2641 315 2664 ac
332 2627 377 2665 de
399 2628 587 2668 utilibus-‘⁸
616 2630 750 2667 Gesne-
867 2628 1095 2676 infitiatione
1116 2648 1172 2657 ———
1191 2625 1365 2677 confiat-e.
1396 2630 1442 2667 cf.

117 2697 196 2720 rus.
811 2695 850 2731 5,
881 2686 918 2727 6,
951 2692 1015 2729 83.

889 2754 932 2789 M
963 2764 988 2791 2
