1586 2990
325 138 488 185 1Ns'r.
510 138 807 198 ORATOR.
838 138 964 184 ΜΒ.
1000 139 1088 194 nc,
1123 146 1172 196 4.
1319 147 1414 196 599

83 263 348 318 Miscendi
377 283 509 333 ergo
548 263 694 323 sunt,
724 264 1170 329 curandumque,
1219 273 1282 314 ut
1314 261 1410 311 [int
1426 278 1475 315 9²

73 342 292 408 <platea
327 345 424 408 qui
448 343 682 410 placent,
722 352 773 390 et
803 340 1104 391 circumfusi
1129 342 1285 390 bonis
1321 340 1412 390 de-

74 420 301 468 -teriores
331 421 539 469 lateant.
599 421 717 468 Nec
737 435 868 469 vero
897 419 954 472 in
978 419 1145 468 literis
1173 416 1410 484 syllabis-

78 513 186 561 que
218 507 404 546 natura
438 506 700 554 mutatur,
752 495 840 544 sed
883 494 1065 552 refert,
1115 511 1250 560 quae
1285 511 1409 543 cum

72 588 292 639 quaque
307 574 507 640 optime
523 578 678 623 coeat.
718 573 1017 622 Plurimum
1037 572 1204 638 igitur
1230 581 1408 621 aucto-

76 649 271 709 ritatis,
312 660 377 700 ut
406 649 543 708 dixi,
591 661 643 698 et
679 649 933 717 ponderis
974 649 1169 698 habent
1200 649 1406 718 longae,

76 727 352 776 celeritatis
380 725 590 776 breves:
630 743 782 792 quae,
821 725 857 774 fi
878 725 1163 775 miscentur
1182 725 1405 791 quibus·

75 802 197 852 dam
223 804 418 870 longis,
455 815 706 862 curru11t;
758 802 795 852 fi
825 804 1217 861 continuantur,
1258 801 1405 851 exul-

73 890 199 929 tant.
258 881 442 938 Acres‚
481 898 617 946 quae
649 897 712 929 ex
740 881 991 930 brevibus
1019 879 1085 928 ad
1113 881 1294 946 longas
1321 879 1403 927 in-
1417 897 1467 935 92

72 955 320 1022 surgu11t;
382 957 620 1015 leniores,
671 973 805 1021 quae
839 975 866 1005 a
907 958 1080 1023 longis
1120 958 1179 1005 in
1217 957 1403 1006 breves

73 1032 411 1083 descendunt.
462 1034 676 1101 Optime
703 1036 958 1099 incipitur
983 1051 1010 1081 a
1030 1034 1222 1098 longis,
1263 1042 1402 1082 recte

70 1109 358 1176 aliquando
389 1128 418 1160 a
446 1111 729 1170 brevibus;
786 1121 874 1169 ut,
921 1111 1147 1160 Novum
1183 1113 1402 1158 crimen.-

152 1311 218 1349 9¹·
257 1299 415 1348 placent.
477 1300 539 1336 Sic
563 1300 696 1336 Turic.
727 1298 831 1337 Flor.
864 1299 992 1338 Guelf.
1026 1314 1116 1338 cum
1148 1300 1246 1340 Jens.
1279 1300 1394 1337 ‘ram

63 1355 202 1395 Venet.
223 1355 313 1392 Ald.
360 1356 522 1406 Reliqui
546 1356 733 1405 placeant.

148 1447 228 1468 cum
251 1447 403 1483 quaque.
457 1433 520 1468 Sic
550 1433 684 1470 Tui-ic.
715 1436 764 1478 (a
791 1446 849 1482 pr.
882 1433 1041 1482 quidem
1070 1446 1187 1468 manu
1215 1447 1243 1468 c.
1266 1446 1392 1482 quam·

63 1483 159 1538 q'ue)
184 1489 288 1527 Flor.
321 1488 449 1527 Guelf.
479 1490 610 1537 Camp.
639 1502 726 1524 cum
760 1489 878 1526 Goth.
902 1489 1005 1527 Voss',
1029 1500 1066 1526 2.
1095 1489 1198 1524 Alm.
1218 1489 1331 1526 nodi.
1356 1500 1394 1525 et

61 1544 147 1581 edd.
174 1556 260 1581 ante
282 1545 374 1582 Bad.
409 1558 484 1582 acc.
512 1544 621 1581 Bam.
667 1544 830 1594 Reliqui
850 1559 880 1583 c.
901 1559 974 1594 qua
995 1545 1152 1592 jubente
1173 1545 1311 1594 Regio.
1341 1545 1393 1585 cf·

60 1610 99 1645 7,
125 1612 162 1643 2,
186 1601 250 1646 64.

143 1693 210 1733 92.
242 1683 372 1725 Acres,
404 1697 498 1732 quae
518 1703 576 1711 -—-
601 1684 770 1726 leniores.
800 1699 905 1734 quae.
964 1685 1098 1720 Turic-
1124 1683 1228 1721 Flor.
1254 1685 1388 1734 Camp.

57 1755 92 1777 α.
113 1741 461 1789 q.—lev501·esque.
506 1739 633 1790 Guelf.
658 1753 828 1791 acresque
848 1761 902 1768 —-
927 1742 1092 1778 leviores.
1134 1741 1258 1777 Goth.'
1273 1753 1387 1777 acres·

57 1811 126 1846 que
150 1817 205 1825 -—-
230 1798 456 1844 levioresque
482 1809 571 1831 cum
600 1797 706 1836 Voff.
734 1808 772 1833 2.
814 1799 911 1836 Jens.
952 1800 1050 1843 (tac.
1087 1797 1230 1841 Gesn.)
1269 1797 1385 1833 Tarv.

55 1866 227 1903 acresque
244 1873 298 1880 —
317 1854 543 1900 lenior-esque
566 1854 700 1890 Venet.
739 1853 955 1889 Diomedes
975 1867 1013 1903 p.
1033 1853 1181 1889 Putsch.
1198 1853 1288 1897 463.
1313 1865 1384 1890 no-

57 1909 175 1944 strum
204 1921 410 1958 excerpens
440 1909 649 1959 alacresque
666 1927 724 1936 --
742 1909 981 1959 lenior-esque.
1037 1909 1267 1958 Legendum
1295 1922 1383 1959 cen-

55 1965 116 2000 feo
135 1966 257 2006 Acres,
289 1967 352 2015 qui
373 1983 428 1992 -—
447 1965 614 2006 leniores,
648 1968 747 2015 qual·
793 1966 877 2001 Nisi
907 1965 1011 2000 enim
1051 1965 1098 1999 ad
1136 1965 1250 2013 pedes
1287 1963 1384 2000 haee

38 2021 290 2061 vreferaiitur,
320 2020 543 2056 sententiam
574 2020 721 2056 nullam
750 2019 930 2069 exculpo.
984 2021 1090 2066 Quae
1114 2020 1267 2056 tandem
1297 2021 1384 2056 sunt

44 2075 243 2126 syllabae}
282 2089 408 2124 „quae
438 2087 485 2110 ex
509 2075 722 2111 brevibus“
750 2075 962 2124 (syllabis)
991 2076 1065 2116 „ad
1087 2075 1251 2124 longas“
1279 2075 1381 2123 (syl-

52 2131 183 2180 labas)
207 2157 231 2172 ,‚
246 2132 447 2179 insurgunt
475 2150 531 2158 —-
560 2131 859 2167 descendunw?
925 2132 1065 2181 Neque
1105 2132 1225 2169 obstat
1273 2130 1383 2181 quod

51 2201 146 2224 mox
176 2202 234 2229 „a
261 2186 391 2236 longis
403 2192 428 2208 ¹⁶
469 2186 742 2236 intelliguntur
784 2187 947 2236 syllabae
984 2188 1125 2225 rursus.
1195 2190 1270 2224 Res
1302 2188 1382 2239 ipsa.

51 2244 176 2280 docet.

134 2323 289 2356 crimen.-
319 2320 445 2364 lenius.
486 2319 549 2354 Sic
570 2320 701 2356 Turic.
722 2319 825 2359 Flor.
845 2319 972 2356 Guelf.
992 2334 1080 2356 cum
1100 2315 1202 2357 Alm.
1222 2321 1326 2358 Voff.
1340 2304 1376 2356 ὲ.

50 2377 148 2415 Jens.
182 2379 277 2419 (tac.
311 2375 448 2422 Gefn.)
471 2385 508 2411 et
536 2375 621 2412 edd.
647 2376 805 2427 posterr.
830 2388 914 2413 aute
943 2377 1037 2414 Bad.
1095 2376 1257 2427 Reliqui
1282 2378 1379 2413 iufe-

50 2443 143 2471 tunt
173 2434 212 2469 C.
242 2430 385 2482 Caesar.

109 2585 172 2622 92.
202 2575 322 2616 Aere-s,
343 2575 674 2623 quae—leniores.
733 2579 838 2614 verti.
891 2577 972 2614 Cic.
1001 2589 1075 2626 pro
1103 2576 1194 2628 Lig:
1236 2587 1275 2616 et
1303 2579 1379 2628 pro

52 2643 155 2680 qnae.
186 2630 232 2667 cf.
255 2641 336 2667 not.
361 2631 444 2666 crit.
741 2633 924 2670 Cluentio
954 2633 1042 2671 init.

110 2687 258 2722 Novum
281 2687 413 2722 crimen
434 2706 489 2715 -—
507 2688 685 2724 Animad-
