1586 2990
265 197 359 242 532
581 182 653 230 Μ.
698 185 828 231 FAB.
873 188 1274 248 QmN‘rimANi

260 321 383 369 tem,
417 311 607 376 quibus
630 327 740 359 non
760 308 1000 359 videatur
1017 309 1104 360 hic
1125 315 1343 367 omnino
1365 325 1570 382 tropus,

260 388 383 451 quia
406 387 543 434 nihil
574 395 748 433 vertat.
806 385 1018 434 Necesse
1048 387 1119 434 est
1143 387 1364 456 semper,
1400 403 1461 442 ut
1487 393 1562 451 id,

257 462 404 527 quod
442 459 512 508 est
552 459 872 524 appositum,
922 461 961 509 fi
998 480 1027 510 a
1062 467 1278 530 proprio
1311 465 1561 526 diviseris,

255 554 349 603 per
368 535 418 584 se
440 534 699 601 significet,
725 546 775 584 et
787 534 940 585 faciat
961 538 1365 612 antonomasiam.
1405 544 1560 602 Nam,

252 701 313 736 ibi
341 700 431 736 duo.
486 701 546 735 An
572 699 797 736 scribemus:
836 700 937 740 „Sed
959 701 1034 737 hoc
1063 692 1292 752 qu‘ocunque
1313 706 1459 742 modo“
1482 705 1559 742 scil.

246 754 384 804 fuerit,
413 755 498 795 vel,
519 756 674 803 feratur.
713 755 828 796 „duo
857 770 942 792 vero
971 759 1040 792 uni
1068 771 1152 806 app.
1165 764 1190 779 “
1244 761 1306 795 Sic
1331 761 1488 809 quidem
1516 762 1565 797 in·

254 811 416 846 eundem
436 810 655 859 scrupulum
679 810 908 852 incidimus,
940 812 984 847 de
1006 826 1083 860 quo
1104 813 1307 856 Gesmwus,
1337 816 1442 863 quod
1459 815 1557 851 male

250 866 464 913 Virgilius,
495 866 638 914 aliique
660 874 794 913 poetae
816 867 998 903 videntur
1030 868 1269 916 reprehendi.
1326 871 1410 907 Sibi
1432 882 1557 906 tamen

249 921 388 957 melius
411 922 550 957 constat
568 922 701 956 noster.
921 920 970 969 eft
989 922 1146 971 semper.
1203 925 1264 960 Sic
1294 927 1424 962 Turic.
1453 926 1555 962 Flor-

249 976 374 1013 Gucif.
400 978 528 1025 Camp.
553 989 640 1011 cum
660 975 775 1011 Goth.
792 977 894 1012 Voff.
918 988 954 1012 2.
978 989 1014 1015 et
1036 978 1119 1013 edd.
1140 990 1223 1015 ante
1243 981 1335 1017 Bad.
1371 983 1459 1023 Hic,
1486 982 1554 1018 ob-

248 1032 545 1080 temperantibus
575 1031 758 1078 reliquis‚
798 1033 872 1067 fine
892 1043 1045 1068 auctore
1074 1034 1203 1069 inserit
1231 1039 1336 1071 enim.

329 1097 367 1121 ut
398 1088 452 1126 id,
497 1087 595 1135 quod
626 1084 685 1132 eft.
750 1087 878 1121 Turio.
913 1087 1038 1122 Guelf.
1070 1083 1199 1136 Cauni).
1231 1105 1310 1126 cum
1340 1092 1436 1126 idem
1464 1105 1551 1127 cum

247 1142 364 1178 Goth.
385 1141 486 1178 Voss'.
511 1152 543 1175 2.
595 1155 670 1174 cum
700 1141 738 1174 id
764 1138 813 1186 efi
841 1143 936 1178 Jens.
966 1146 1063 1186 (err.
1085 1144 1220 1187 Gesn.)
1252 1159 1338 1180 cum
1361 1146 1442 1181 edd.
1466 1158 1550 1182 ante

244 1198 335 1233 Bad.
364 1197 431 1244 qui
450 1197 596 1244 primus
611 1197 683 1229 fine
704 1205 856 1230 auctore
876 1209 946 1231 nec
964 1197 1172 1244 quidquam
1194 1213 1351 1235 monens
1372 1201 1548 1240 nostram.

245 1255 353 1287 Unus
395 1251 496 1286 Flor.
531 1249 599 1298 sed
628 1264 704 1284 cum
736 1250 838 1285 idem.
1068 1253 1292 1302 appositum,
1321 1255 1371 1306 fi.
1429 1255 1546 1292 Goth.

241 1307 345 1345 Vols.
372 1318 406 1342 2.
433 1306 614 1341 omittunt
627 1304 675 1354 fi.
893 1319 927 1340 a.
984 1307 1115 1341 Turio.
1145 1309 1204 1344 ad.

327 1360 499 1409 diviseris.
569 1360 699 1394 Turio.
734 1357 836 1394 Flor.
880 1362 924 1404 (a
953 1373 1010 1407 pr.
1040 1374 1156 1412 manu
1193 1365 1380 1412 uterque)
1420 1364 1546 1401 Guelf.

241 1418 390 1453 videret.
439 1415 556 1451 Goth.
586 1416 680 1457 (tac.
714 1415 848 1458 Gesn.)
883 1416 1014 1463 Camp.
1048 1416 1219 1464 divisecit.

341 1470 516 1518 1gnificec,
540 1479 575 1504 et
591 1469 723 1516 faciat.
759 1469 1002 1507 Turio-flor.
1018 1471 1492 1525 GueIf-Camp.fignificat
1511 1483 1548 1511 et

231 1527 332 1574 facit
354 1539 440 1561 cum
466 1524 565 1560 Alm.
628 1525 763 1571 Longe
790 1524 888 1559 abest
917 1539 935 1558 a
966 1526 1115 1562 sanitate
1146 1527 1272 1570 locus,
1308 1543 1421 1577 quem
1448 1531 1546 1566 mira

239 1582 394 1618 levitate
423 1580 577 1615 refinxit
603 1580 765 1620 Badius,
800 1579 948 1627 alioqui
969 1581 1074 1629 frugi
1102 1582 1280 1619 Criticus.
1336 1585 1434 1619 Nam
1464 1586 1544 1633 pri·

239 1651 346 1672 mum
378 1638 471 1670 enim
501 1634 602 1669 illud
624 1634 728 1682 quod
752 1635 914 1676 infant,
951 1636 1215 1672 alienissimum
1241 1639 1310 1679 est,
1346 1651 1433 1674 eum
1455 1653 1544 1688 pro-

239 1692 367 1727 mittat
396 1690 698 1725 antecedentium
737 1690 923 1724 rationem
957 1690 1145 1738 aliquam,
1188 1706 1282 1740 quae
1315 1693 1418 1729 nulla
1450 1695 1542 1733 hinc

241 1747 398 1781 eruitur.
452 1744 603 1779 Deinde
625 1745 870 1791 quantumvis
893 1745 1067 1780 audacter
1086 1759 1157 1794 pro
1179 1762 1256 1782 cum
1281 1750 1374 1783 idem
1389 1751 1543 1797 reponit
1566 1760 1569 1763 “

240 1810 280 1836 ut
302 1801 340 1835 id
366 1799 463 1849 quod
491 1796 550 1845 est.
607 1799 797 1845 Equidem
827 1800 994 1847 trepidus
1018 1801 1118 1840 sane,
1157 1815 1224 1837 nee
1244 1803 1345 1838 mihi
1362 1804 1438 1851 ipse
1460 1804 1540 1852 pla·

239 1869 346 1895 cens,
391 1854 483 1888 haec
514 1854 591 1888 fere
619 1854 785 1888 extundo
825 1867 871 1887 ex
902 1855 1055 1890 vetustis
1087 1857 1301 1904 scripturis:
1356 1859 1464 1898 „Nec
1491 1859 1541 1894 est

237 1911 435 1958 „semper“
466 1907 569 1951 (scil.
603 1910 785 1955 tropus),
825 1909 911 1948 „sed
939 1923 1024 1943 cum
1053 1910 1156 1945 idem
1189 1915 1419 1961 appositum,
1461 1916 1487 1949 fi
1518 1928 1539 1949 a

236 1965 422 2014 „proprio
455 1964 648 2003 diviseris,
687 1976 755 2010 per
785 1963 817 1998 se
836 1963 1018 2010 fignificat
1038 1976 1074 2000 et
1098 1966 1187 2001 facit
1205 1969 1538 2004 antonomafiam.“

237 2020 428 2056 Sententia
450 2019 562 2053 haec:
613 2019 823 2066 appofitum
853 2020 879 2052 fi
906 2019 1057 2054 nomini
1091 2021 1157 2055 suo
1186 2022 1359 2067 junctum
1383 2035 1535 2071 compa-

235 2087 323 2114 reat,
353 2086 485 2122 tropus
512 2073 590 2108 dici
610 2073 754 2121 nequit,
782 2073 844 2108 sed
865 2083 947 2107 tum
974 2075 1103 2121 potest,
1136 2077 1162 2111 fi
1180 2090 1248 2125 per
1266 2078 1300 2112 se
1323 2090 1476 2126 quoque
1497 2090 1535 2115 et

235 2132 444 2176 sejunctum
464 2142 484 2162 a
506 2129 679 2176 proprio,
710 2127 890 2175 significat
911 2141 948 2164 et
970 2129 1060 2164 facit
1080 2140 1154 2165 ant.
1212 2131 1403 2180 Displicet
1425 2134 1532 2173 idem,

235 2186 340 2233 quud
359 2183 515 2232 languet
533 2184 575 2219 in
593 2184 662 2218 hac
682 2183 849 2222 ratione,
877 2197 1000 2231 neque
1022 2186 1125 2220 enim
1148 2186 1400 2222 accusativum
1419 2199 1532 2234 agno-

231 2308 329 2342 Ante
397 2304 525 2340 omnia
583 2303 852 2351 quaerendum,
901 2304 1070 2354 superbo.
1109 2307 1170 2342 De
1195 2306 1355 2356 reliquis
1376 2308 1422 2345 cf.
1448 2318 1545 2350 not-s

232 2361 326 2409 qnid
355 2358 560 2407 multiplex
590 2358 787 2406 epitheton
812 2360 855 2393 fit
909 2360 993 2395 crit.

230 2418 272 2506 ἓξ
304 2416 414 2505 vizi?
441 2413 853 2514 Xuggjllganoldhlicgilt'g
963 2435 1055 2469 nihil
1081 2444 1208 2471 vertat.
1257 2437 1370 2473 Recte
1397 2448 1528 2474 monet

243 2485 255 2505 1
277 2485 298 2506 o
404 2497 412 2505 .
470 2495 480 2509 ,
591 2492 600 2502 .
1110 2504 1115 2510 ,
1182 2492 1189 2499 .
1219 2491 1227 2498 ·
1514 2493 1523 2500 .

231 2523 358 2561 censeo
396 2525 466 2559 ess'e
498 2523 539 2558 in
566 2523 743 2558 omnibus
774 2522 850 2556 istis
906 2491 1064 2579 Ξῖἕῖῗὲ
1080 2491 1231 2580 ξέῗῗῖι
1251 2502 1406 2582 ῗῖῐηοῖ
1423 2503 1527 2541 trop

231 2594 325 2628 quae
358 2580 616 2626 adjunguntur
645 2577 850 2625 participio
1104 2559 1121 2593 9
1185 2560 1228 2580 ¹⁵
1292 2573 1302 2582 “
1329 2550 1360 2594 §‘
1414 2557 1450 2591 7⁸

229 2637 390 2682 dignate.
420 2635 518 2669 Nam
545 2634 749 2679 conjugium
770 2643 848 2666 non
955 2631 1102 2680 Neceffi,
1138 2631 1188 2680 ψ
1213 2653 1268 2662 --
1297 2633 1431 2682 faciae.
1477 2633 1523 2677 ef.

230 2690 341 2725 habet
376 2690 442 2724 nist
485 2701 606 2723 unum
637 2687 847 2735 appositum
901 2698 981 2722 not.
1012 2689 1095 2723 crit.
1447 2698 1453 2703 “
