1586 2990
158 217 252 260 130
467 206 540 250 M.
575 204 706 249 ΕΑΒ.
745 199 1151 265 ρυῐΝΤιΗΑΝι
1186 196 1190 203 ’

159 324 330 402 8θέῑὲ
379 337 638 394 praeterea
691 321 980 394 desenfione
1029 341 1084 372 ac
1131 315 1458 374 translatione

98 429 145 454 ιο
161 403 401 454 constare.
485 398 838 475 Quaestionem
870 409 956 446 aut
988 415 1049 446 ex
1079 398 1239 456 facto,
1285 409 1373 448 aut
1395 415 1460 446 ex

159 479 347 544 scripto
373 469 481 526 effe.
557 477 644 525 Ex
660 472 841 542 facto,
879 473 944 521 de
974 491 1150 523 rerum
1173 473 1299 533 fide,
1336 477 1459 540 pto-

160 557 399 621 prietate,
458 551 715 614 qualitate.
825 550 913 598 Ex
953 546 1177 620 scripto,
1234 550 1300 598 de
1342 565 1460 599 ver·
1530 587 1544 602 ,

161 631 352 678 borum
403 628 485 682 vi,
541 636 630 673 aut
676 625 974 672 voluntate:
1035 626 1093 672 in
1140 625 1334 688 quibus
1379 626 1460 674 vis
1521 630 1523 635 '

163 715 275 752 tum
309 700 598 758 causarum,
636 711 750 748 tum
781 701 1047 748 actionum
1075 699 1260 765 inspici
1289 700 1462 756 soleat,

163 832 267 879 tangi
289 830 410 866 censet
429 830 568 879 partim
589 828 860 875 conjecturales
887 829 1029 869 causas,
1057 829 1101 862 in
1121 829 1260 876 quibus
1279 831 1322 864 fit
1340 829 1464 878 prima
1505 864 1507 866 .
1534 840 1549 870 ξ,

164 889 343 922 duntaxat
372 887 497 920 intent.
522 895 557 919 et
584 883 742 932 depuls,
770 885 909 932 partim
935 884 1143 932 qualitatis,
1181 882 1475 934 quaessagitenp

163 941 349 977 rationem
373 951 409 975 et
434 938 712 974 firmamentum
737 939 809 984 (cf.
836 948 871 982 5.
899 951 927 974 c.
957 940 1058 982 110).
1096 938 1178 974 Nee
1203 939 1321 988 prelse
1343 939 1464 975 codd.

164 996 334 1044 sequitur
364 995 429 1030 hic
457 1008 526 1030 nec
557 988 796 1042 pi·obabilexn
827 995 969 1028 sensum
998 994 1164 1042 praestat.
1221 997 1304 1043 Ego
1337 1008 1467 1031 curare

165 1051 294 1086 locum
326 1050 478 1099 despero
508 1062 594 1084 cum
628 1050 761 1096 Regio.
820 1051 922 1084 Haec
954 1059 1076 1083 tamen
1108 1050 1281 1085 accedere
1304 1051 1468 1099 suspicor

166 1106 214 1141 ad
234 1118 388 1139 manum
411 1103 663 1151 Quintiliani:
706 1101 910 1153 corfistere,
944 1105 980 1138 in
1008 1103 1134 1151 quibus
1155 1113 1272 1140 tamen
1299 1100 1468 1140 intentio·

166 1174 249 1196 nom
271 1158 339 1208 effa
364 1160 510 1194 omnino
537 1167 572 1192 et
601 1158 862 1208 depulsionem,
901 1158 1145 1207 depulsionem
1173 1174 1284 1208 porro
1315 1174 1467 1196 omnem.

167 1217 271 1251 Loca
292 1227 368 1261 quo
389 1212 585 1261 respicitur
605 1213 689 1248 sunt
708 1224 744 1248 et
770 1223 805 1256 5,
830 1226 865 1260 9,
892 1226 924 1248 1.
955 1225 990 1248 et
1009 1223 1044 1256 3,
1075 1227 1135 1254 ιο,
1162 1229 1195 1250 ι.

256 1283 298 1304 ac
330 1269 576 1304 translatione.
636 1268 765 1303 Tui-ic.
796 1283 829 1303 a.
862 1269 1107 1304 latr-acatione.
1153 1269 1276 1305 Guelf.
1307 1269 1407 1306 Flor.
1434 1284 1467 1305 a.

169 1325 366 1362 latratione
395 1336 481 1358 cum
512 1322 612 1358 Alm.
647 1323 719 1367 (cf.
743 1333 779 1366 7,
816 1336 876 1363 10,
904 1331 963 1367 14.
1002 1324 1094 1358 item
1124 1324 1188 1359 hic
1217 1327 1370 1372 §.14.)
1409 1324 1470 1359 sed

171 1395 206 1416 a.
227 1381 430 1424 jactatione
451 1377 551 1413 Flor.
583 1391 602 1412 a
623 1378 689 1412 sec.
711 1391 839 1414 manu.
873 1392 924 1414 an
942 1378 1203 1414 detractatione
1229 1380 1345 1416 Goth.
1368 1380 1469 1424 (err.

172 1435 305 1478 Gern.)
337 1445 423 1468 cum
454 1432 556 1470 Voss'.
581 1442 616 1468 2.
639 1431 740 1471 Van.
767 1433 835 1478 (in
865 1433 996 1481 priore
1027 1434 1181 1481 quidem
1202 1447 1297 1470 voce
1319 1434 1364 1469 hi
1393 1446 1472 1469 non

172 1488 385 1525 memorati.
416 1487 462 1523 cf.
484 1497 520 1531 7,
543 1498 578 1534 9,
603 1494 638 1530 5.
667 1487 760 1522 item
782 1488 846 1523 hic
869 1491 902 1535 §.
925 1487 1022 1536 50.)
1053 1498 1089 1523 et
1110 1491 1322 1525 tractatione
1343 1490 1471 1537 Camp-

175 1559 217 1580 ac
247 1543 482 1578 altercatione
515 1541 598 1579 edd.
630 1552 714 1577 ante
743 1543 834 1579 Bad.
867 1556 924 1591 pr.
963 1543 1032 1591 qui
1061 1543 1236 1592 expreffit
1263 1543 1475 1583 Vallensem

174 1599 418 1646 scripturam,
459 1610 545 1632 cum
574 1596 689 1634 altera
706 1599 877 1647 ‘nostram
919 1598 991 1634 det,
1047 1599 1191 1647 Regius
1217 1609 1282 1635 aut
1308 1599 1384 1635 hoc
1413 1608 1477 1641 aut:

177 1655 317 1690 actione
343 1652 481 1688 suadet.

263 1719 324 1742 ιο.
355 1716 419 1742 aut
436 1720 479 1741 ex
496 1705 532 1754 f.
562 1726 616 1734 —-
635 1705 762 1755 facto,
792 1708 837 1742 do
855 1721 982 1743 rerum.
1039 1708 1170 1744 Turio.
1193 1708 1316 1744 Guelf.
1346 1708 1477 1756 Camp-

179 1778 213 1799 a.
237 1775 278 1797 ex
294 1760 433 1809 scripto
463 1760 531 1809 effe
555 1770 619 1797 aut
638 1775 681 1797 ex
695 1762 802 1809 facto
823 1764 867 1798 de
891 1777 954 1797 rer.
984 1775 1070 1799 cum
1093 1763 1207 1799 Goth.
1229 1765 1322 1807 (tac.
1344 1764 1476 1805 Gesn.)

178 1817 278 1854 Alm.
299 1817 400 1852 Von'.
423 1827 459 1853 2.
482 1815 578 1860 (nifi
599 1817 703 1864 quod
723 1826 786 1851 aut
810 1817 892 1865 post
918 1815 986 1864 effe
1007 1819 1190 1854 omittunt
1217 1815 1478 1865 conferentes)

179 1883 216 1907 et
249 1871 331 1907 edd.
363 1881 448 1905 ante
479 1870 566 1905 Ald.
628 1871 703 1906 Hic
733 1869 835 1906 nihil
866 1871 971 1905 aliud
1002 1873 1070 1907 nifi
1099 1872 1230 1907 inserit
1262 1873 1345 1920 post
1376 1886 1418 1907 ex
1441 1871 1476 1918 f.

178 1927 319 1961 iterum
343 1939 383 1960 ex
397 1924 432 1972 f.
459 1926 548 1961 Bad.
571 1939 628 1973 pr.
657 1927 819 1961 nostram
841 1926 923 1966 dat,
954 1927 1148 1973 nisi-quod
1170 1926 1316 1962 omittit
1337 1941 1379 1961 ex
1399 1927 1480 1975 post

179 1979 259 2030 affe.
300 1980 489 2028 Equidem
522 1981 685 2028 suspicor
713 1981 843 2016 fuilse:
882 1995 915 2015 a.
945 1994 974 2014 e.
996 1979 1134 2029 scripto
1157 1978 1226 2030 effe
1248 1995 1282 2016 a.
1308 1995 1337 2017 e.
1360 1980 1478 2028 facto.

172 2036 278 2083 facto
299 2036 343 2069 de
365 2049 430 2069 rer.
450 2048 536 2070 cum
554 2036 647 2070 mox
666 2035 760 2070 libri
781 2049 910 2071 omnes
931 2046 1014 2070 ante
1037 2035 1124 2071 Bad.
1146 2037 1213 2072 sec.
1235 2049 1279 2072 oz:
1305 2036 1483 2072 omittant

182 2101 265 2126 ante
286 2089 437 2138 scripto.

244 2201 307 2224 ιο.
321 2191 554 2237 proprietate.
578 2190 623 2225 cf.
637 2199 673 2234 5,
689 2190 725 2231 6,
742 2198 804 2234 53.
862 2190 973 2225 toties
996 2192 1060 2233 (7,
1085 2201 1119 2231 2,
1144 2193 1255 2234 55.)‚
1281 2190 1380 2226 subit
1401 2202 1482 2237 gra-

238 2246 294 2279 vis
325 2252 400 2278 tum
420 2260 476 2269 ·-
498 2253 570 2279 tum
601 2254 668 2279 act.
719 2247 806 2281 Mo·
861 2245 946 2280 vari
992 2257 1029 2280 et
1074 2245 1136 2278 hic
1184 2245 1325 2279 vitium
1359 2244 1485 2280 iterati

185 2309 251 2333 net
273 2299 344 2344 Qu.
369 2309 404 2333 et
420 2299 461 2332 in
482 2300 618 2347 scripto
647 2299 806 2335 multam
863 2299 1031 2344 ejusdem
1043 2298 1243 2333 vocabuli:
1274 2313 1360 2335 cum
1382 2300 1485 2334 enim

186 2354 256 2388 ess'e
282 2353 524 2388 rationalium
544 2355 703 2389 statuum
722 2368 806 2402 par-
861 2355 930 2389 vix
955 2354 1045 2388 bene
1070 2353 1217 2388 deflerit
1243 2355 1317 2394 „de
1347 2354 1486 2389 verbo-

186 2418 274 2447 tem,
296 2421 418 2455 neque
436 2408 494 2443 ibi
515 2408 606 2444 [olas
632 2409 728 2455 juris
750 2422 806 2444 ca·
862 2419 975 2448 „rum
994 2410 1066 2443 vi“
1092 2408 1231 2450 dicere,
1258 2409 1420 2444 recurrit
1440 2422 1486 2443 en

187 2462 404 2498 villationes
427 2463 498 2510 agi,
526 2463 583 2498 red
606 2465 729 2498 caulae
747 2476 810 2499 cu·
863 2464 947 2503 „vis
974 2463 1165 2497 causarum
1197 2475 1232 2498 et
1255 2464 1487 2499 actionum.“

187 2518 323 2564 jusque
355 2517 574 2564 qualitatem
610 2519 714 2567 saepe
748 2531 809 2553 ex·-
862 2518 946 2553 Nec
959 2518 1165 2565 quidquam
1180 2529 1264 2565 aget
1278 2518 1342 2553 hic
1362 2530 1486 2552 emen-

188 2572 327 2619 pendi‚
357 2571 461 2619 quod
482 2585 551 2619 per
571 2573 691 2620 capita
719 2572 811 2608 libri
866 2571 984 2607 dator.
1042 2573 1116 2612 Vis,
1153 2573 1357 2620 posteriore
1382 2571 1482 2612 loco,

192 2627 337 2673 septimi
358 2637 522 2677 oxtrema
540 2628 710 2675 quinque
726 2628 810 2663 satis
866 2627 914 2662 est
937 2636 1076 2666 natura,
1108 2628 1258 2666 indoles,
1286 2637 1329 2663 ut
1358 2627 1484 2675 saepis-

185 2681 366 2719 ,ostendin
432 2683 515 2720 Jam
553 2695 668 2723 vero,
706 2681 809 2732 quod
864 2684 949 2716 lime
974 2682 1072 2730 apud
1093 2682 1271 2718 nostrum.
