1586 2990
231 242 294 306 64
521 242 591 293 Μ.
621 241 770 293 Δ·Ῑ«·Αι3;
797 240 809 277 f·
822 238 1224 307 QmNfflmxANr

228 380 453 436 utroque
490 369 891 435 pronunciatur,
938 367 1227 418 etia'msi'de
1273 387 1385 420 uno
1419 362 1523 420 fer-

171 467 220 493 ει
237 455 336 494 tur.
363 450 374 461 ²
412 449 531 512 Quo
573 446 630 492 in
667 459 852 507 genere
889 439 1089 507 semper
1127 444 1273 508 prior
1315 445 1531 502 debebit,

228 518 324 568 'ess'e
363 518 616 567 defensio:
665 519 920 582 primum,
966 518 1090 581 quia
1124 529 1308 568 natura
1347 522 1523 585 potior

227 594 299 642 est
327 594 460 642 salus
491 592 685 650 nostra,
734 608 891 656 quam
935 589 1211 642 adversarii
1234 595 1521 663 pernicies.

228 669 444 726 deinde,
447 666 629 739 quod.
648 668 765 731 plus
789 667 1134 716 habebimus
1121 685 1177 716 m
1203 668 1524 718 accusatione

178 777 181 781 »
224 745 564 799 auctoritatis,
589 741 791 807 siprius'
814 740 878 790 de
898 742 1195 791 innocentia
1210 742 1382 793 nostra
1399 761 1526 793 con-

224 818 430 867 stiterit:
469 816 755 882 postremo,
791 810 937 881 quod
977 818 1048 865 ita
1083 817 1294 866 demum
1329 818 1525 883 duplex

226 892 370 940 causa
402 894 512 940 erit.
569 909 715 949 nam,
757 894 851 957 qui
880 891 1030 950 dicit,
1075 893 1199 961 Ego
1229 907 1326 942 non
1355 894 1523 950 occ-idi,

222 967 377 1015 habet
419 968 931 1031 reliquampartem,
974 977 1036 1015 ut
1064 967 1226 1024 dicat,
1288 968 1340 1016 T
1333 984 1367 1015 u
1401 969 1527 1016 occi-

219 1039 368 1109 disti,-
418 1052 491 1099 at,
533 1043 627 1106 qui
672 1041 824 1098 dicit,
879 1042 957 1089 Tu
994 1036 1241 1110 occidisti,
1284 1040 1525 1107 supervav

223 1133 385 1166 cuum
421 1116 576 1165 habet
609 1115 782 1183 postea
820 1116 1020 1174 dicere,
1068 1117 1191 1185 Ego
1226 1134 1324 1167 non
1351 1118 1518 1167 occidi.
1532 1126 1583 1164 6ο

221 1259 479 1309 praecedentis
500 1258 648 1295 ultimis
671 1272 791 1294 onum.
828 1259 874 1294 cf.
899 1259 933 1300 6,
957 1267 993 1303 3,
1017 1258 1078 1302 68.
1097 1255 1174 1294 ‘hic
1200 1261 1233 1306 ς.
1263 1271 1324 1294 ιι.
1378 1258 1527 1296 Turbat

209 1315 326 1357 xenim
358 1315 497 1350 omnia.
678 1316 946 1362 pronunciatur.
1001 1314 1063 1349 Sic
1089 1313 1217 1351 Turio.
1249 1315 1378 1361 Camp.
1407 1313 1524 1350 Goth.

222 1371 319 1413 (tac.
346 1370 481 1415 Gesn.)
507 1368 664 1418 Reliqui
679 1371 942 1416 pronuncietur,
964 1369 1063 1404 inter
1086 1381 1181 1416 quos
1203 1379 1239 1404 et
1260 1367 1384 1404 Guelf.

307 1423 446 1472 etiamfi
475 1444 526 1453 —
548 1423 679 1471 fertur.
756 1424 884 1459 Turic.
927 1423 1050 1459 Guelf.
1100 1424 1230 1472 Camp.
1270 1422 1386 1459 Goth.

223 1482 319 1521 (tac.
342 1481 475 1524 Gesn.)
505 1493 552 1514 an
579 1478 714 1528 eciamfi
744 1479 779 1513 d.
802 1478 884 1525 u.f.
914 1491 1002 1513 cum
1019 1477 1132 1513 Bodl.
1161 1478 1262 1513 Alm.
1289 1477 1394 1515 Voss.
1422 1487 1459 1513 2.
1486 1489 1525 1513 et

223 1534 306 1569 edd.
318 1545 400 1569 ante
411 1533 496 1569 Ald.
509 1533 578 1582 qui
596 1548 642 1569 an
647 1533 829 1582 sententia
839 1533 920 1582 fid.
935 1547 968 1568 u.
988 1532 1134 1580 feratur
1154 1545 1241 1567 cum
1251 1531 1357 1567 Bam.
1371 1542 1524 1581 optante

220 1591 268 1624 fic
298 1589 417 1636 magis
444 1602 558 1636 quam
586 1600 792 1637 reponente
820 1589 955 1635 Regio.
1012 1589 1108 1623 Mox
1126 1587 1288 1628 Badius,
1318 1587 1524 1622 immemor

221 1643 351 1678 solitae
390 1644 565 1678 mutandi
594 1643 864 1679 verecundiae:
906 1657 954 1677 an
980 1642 1025 1677 de
1063 1656 1134 1677 uno
1159 1641 1328 1692 soorfim,
1367 1655 1415 1677 ex
1444 1640 1520 1676 sola

219 1699 460 1744 conjectura,
500 1699 542 1732 in
583 1699 690 1744 cujus
730 1699 947 1733 sententiam
985 1697 1146 1745 pedibus
1183 1697 1338 1733 iverunt
1364 1696 1522 1743 reliqui.

218 1753 302 1789 Nos
337 1766 552 1800 expungere
579 1767 627 1787 an
653 1753 920 1792 sustinuimus,
951 1751 1058 1787 velut
1088 1750 1257 1788 consulto
1290 1751 1470 1786 insertum
1500 1763 1521 1785 a

218 1806 410 1848 librariis,
438 1807 507 1854 qui
527 1808 609 1842 casu
628 1808 746 1842 modo
772 1807 987 1842 incidissent
1014 1807 1054 1840 in
1074 1815 1202 1841 utrum.
1260 1808 1315 1841 Ita
1338 1805 1375 1856 fi
1403 1805 1519 1854 paulo

218 1873 302 1897 ante
334 1866 366 1909 ᾖ.
395 1869 453 1905 ¹8·
486 1875 563 1897 non
591 1861 804 1898 inconsulto
835 1862 1050 1902 obtrusum,
1080 1862 1276 1909 postquam
1295 1860 1348 1909 fit
1379 1861 1521 1896 abierat

215 1917 258 1951 in
281 1916 339 1964 {ft-
395 1918 521 1951 Etiam
541 1921 573 1964 ᾖ.
598 1924 660 1961 23.
686 1925 804 1951 tamen
825 1917 890 1951 hoc
911 1916 1039 1950 Turio.
1063 1930 1080 1950 a
1102 1929 1157 1963 pr.
1180 1929 1293 1950 manu
1314 1925 1338 1949 t.
1359 1929 1407 1950 αη
1429 1916 1464 1950 h.

299 1982 364 2007 21.
407 1972 504 2006 dicat
523 1971 859 2020 —supervacuurrz.
916 1971 1044 2006 Turio.
1074 1972 1202 2019 Camp.
1234 1971 1332 2005 dicat
1352 1979 1376 2006 t.
1401 1983 1434 2005 ο.
1456 1984 1519 2005 va-

218 2041 332 2062 cuum.
390 2028 622 2075 Interposuit
653 2027 764 2062 verba
794 2036 834 2061 at
857 2041 889 2075 q.
914 2027 948 2061 cl.
982 2034 1006 2059 t.
1034 2038 1066 2060 o.
1095 2027 1260 2073 Regius,
1290 2025 1518 2060 dexterrime

217 2081 294 2128 (cf.
319 2088 364 2125 5,
395 2094 465 2121 10,
494 2084 606 2126 14),
636 2082 678 2116 in
699 2082 839 2129 quibus
858 2091 896 2116 at
926 2081 1046 2116 solum
1073 2081 1202 2128 potuit
1221 2080 1331 2115 aliter
1357 2079 1470 2115 scribi
1499 2093 1517 2113 a

218 2138 293 2183 Qu.
317 2147 438 2172 cetera
460 2138 544 2172 funt
564 2137 773 2172 necessaria.
832 2137 1028 2172 Omittunt
1049 2149 1088 2170 ca
1111 2135 1210 2170 Alm.
1232 2136 1334 2176 VosL
1361 2144 1396 2170 2.
1418 2133 1517 2171 Vall.
1582 2132 1586 2133 ⁷

216 2191 303 2225 edd.
341 2202 424 2226 ante
455 2190 538 2226 Ald.
597 2192 677 2239 Ipse
708 2190 943 2226 omissionem
972 2191 1013 2224 in
1041 2189 1164 2225 Guelf.
1205 2190 1338 2225 notavi
1372 2187 1518 2224 nullam

217 2243 315 2293 (per
335 2258 504 2280 errorem
525 2246 626 2280 hand
653 2246 798 2292 dubie)
828 2257 975 2294 praeter
993 2244 1124 2294 super,
1152 2245 1255 2293 quod
1275 2255 1311 2280 et
1337 2244 1397 2280 ibi
1420 2242 1518 2282 deest

216 2311 302 2336 ante
328 2314 500 2342 vacuum,
527 2301 647 2335 mire!

1426 1423 1524 1461 Jens'.

216 2411 468 2447 condemnato
499 2423 590 2450 reo,
621 2411 691 2458 qui
722 2410 753 2445 se
777 2407 839 2444 ad-

214 2466 371 2501 versarii
417 2467 649 2500 incusatione
698 2475 838 2500 tutatus

214 2531 313 2559 erat,
363 2520 578 2555 absolvatur
632 2521 838 2568 suspicione

213 2576 421 2615 aecusator,
471 2586 509 2610 et
554 2575 715 2610 vicissim
764 2574 839 2610 hoc

214 2625 358 2664 causam
387 2642 465 2664 non
487 2641 636 2666 tenente
666 2643 753 2665 reus
775 2630 839 2663 ha-

196 2682 300 2719 >beat:
331 2684 399 2719 sibi
431 2686 542 2719 tacite
566 2685 835 2720 consentientes

210 2739 370 2786 judiees,
390 2749 433 2774 ut
442 2740 530 2785 jam,
550 2741 574 2774 fi
586 2739 713 2781 libeat,
726 2739 838 2789 possit

895 2409 971 2445 alio
995 2410 1141 2456 judicio
1175 2420 1302 2458 petere
1333 2409 1516 2444 accusato-

894 2478 987 2501 rem.
1058 2466 1297 2500 Pronunciare
1334 2464 1372 2499 ll.
1401 2463 1426 2501 l.
1466 2463 1518 2499 est

895 2522 1014 2554 animi
1048 2521 1174 2555 sensus·
1195 2532 1391 2567 promere,
1414 2517 1517 2565 fer-re

893 2575 1031 2621 judicis
1061 2576 1278 2610 sententiam
1305 2575 1412 2613 dare;
1450 2585 1514 2620 ge-

893 2643 960 2665 nei
963 2629 1017 2664 ale
1039 2630 1217 2675 alteium,
1246 2628 1406 2664 alterum
1424 2639 1515 2684 pro·

891 2686 1030 2733 Plium.
