1586 2990
286 153 450 201 INST.
491 148 768 198 ORATOR.
812 146 934 196 LIB.
969 147 1102 206 vm,
1140 146 1184 194 6.
1301 156 1396 204 303

73 273 230 347 atque
274 279 334 329 in
381 278 537 329 usum
587 288 822 346 receptos
871 290 1226 341 exequemur:
1292 273 1399 323 hoc

71 357 238 407 modo
286 358 347 407 in
393 357 478 406 his
527 355 787 406 annotasse
833 354 1090 411 contenti,
1140 350 1401 417 quosdam

74 436 235 501 gratia
253 431 670 505 signficationis,
701 428 963 499 quosdam
984 432 1178 480 decoris
1200 426 1401 485 ass'umi,

75 522 128 559 et
149 509 247 560 esse
266 510 398 560 alios
421 511 479 559 in
501 512 679 559 verbis
702 512 957 576 propriis,
997 509 1126 557 alios
1145 507 1204 556 in
1233 516 1405 554 trans-

76 588 222 636 latis.-
268 589 507 652 vertique
523 583 740 657 formas
766 604 878 637 non
915 582 1190 635 ‘verborum
1220 581 1402 638 modo,

76 663 168 713 sed
189 675 240 713 et
247 659 521 735 sensuum,
559 675 610 713 et
638 661 1017 736 compositionis.
1074 666 1247 730 Quare
1266 659 1440 710 mihiff·

77 741 333 811 videntur
365 738 570 798 errass'e‚
622 743 718 807 qui
748 759 862 791 non
893 741 1025 790 alios
1065 738 1406 788 crediderunt

78 828 286 884 tropos,
333 835 493 883 quam
522 819 582 866 in
620 819 816 884 quibus
852 817 1080 868 verbum
1109 832 1207 882 pro
1240 814 1408 864 verbo

78 905 381 962 poneretur.
457 896 652 959 Neque
683 895 824 945 illud
854 896 1073 960 ignom,
1123 893 1183 941 in
1213 890 1410 941 iisdem

80 971 218 1031 fere,
260 973 356 1037 qui
380 969 703 1038 significandi
731 972 896 1038 gratia
923 970 1270 1026 adhibentur,
1310 963 1409 1016 effe

81 1059 134 1098 et
167 1059 445 1099 ornatum:
502 1047 593 1096 sed
627 1065 741 1098 non
781 1047 926 1097 idem
970 1045 1168 1095 accidet
1210 1053 1411 1101 contra,

50 1162 51 1165 η
81 1135 344 1190 eruntque
375 1124 592 1191 quidam
624 1135 833 1175 tantum
864 1123 931 1172 ad
959 1122 1185 1190 speciem
1209 1137 1419 1170 accom-

81 1202 295 1252 modati.
371 1202 693 1268 Incipiamus
725 1202 894 1267 igitur
923 1201 985 1249 ab
1018 1217 1110 1258 eo,
1159 1200 1253 1264 qui
1286 1213 1449 1254 cum4

83 1278 522 1343 frequentiffimus
544 1276 642 1338 est,
678 1287 795 1328 tum
818 1278 977 1344 longe
998 1276 1414 1343 pulcherrimus,

85 1355 416 1404 translatione
449 1355 597 1412 dico,
651 1371 785 1421 quae
818 1359 1062 1422 μεταφορὰ
1095 1355 1288 1402 Graece
1317 1351 1414 1401 vo-

88 1442 246 1480 catur.
303 1435 447 1500 Quae
471 1430 693 1496 quidem
709 1449 833 1481 cum
853 1433 926 1480 ita
950 1430 1023 1479 est
1041 1431 1104 1478 ab
1124 1427 1234 1496 ipsa
1254 1428 1430 1477 nobis‘

90 1504 319 1557 concess'a
348 1518 561 1574 natura,
615 1518 677 1558 ut
708 1507 913 1558 indocti
953 1522 1170 1573 quoque
1212 1523 1269 1554 ac
1302 1520 1416 1554 non

14 1583 366 1643 r31sentientes
393 1601 452 1632 ea
480 1582 785 1649 frequenter
810 1594 1052 1635 utantur:
1092 1594 1207 1632 tum
1230 1583 1303 1632 ita
1333 1585 1418 1642 ju-

88 1660 262 1711 cunda
283 1673 440 1726 atque
458 1661 642 1719 nitida,
671 1663 809 1710 utin
835 1662 1091 1719 oratione,
1125 1659 1418 1725 quamlibet

88 1738 250 1797 clara,
288 1739 507 1804 proprio
531 1748 706 1788 tamen
727 1740 932 1788 lumine
957 1738 1169 1786 eluceat.
1220 1738 1413 1800 Neque
1429 1753 1452 1791 5

88 1815 236 1866 enim
292 1814 528 1881 vulgaris
581 1812 706 1874 esse,
769 1831 946 1881 neque
997 1814 1251 1871 humilis,
1316 1828 1415 1861 nec

173 1972 241 2008 hoc
262 1971 387 2008 modo.
431 1972 562 2008 Turic.
585 1971 689 2009 Flor.
711 1971 840 2008 Guelf.
863 1973 964 2007 Haec
982 1983 1030 2006 m.
1056 1983 1144 2006 cum
1172 1969 1291 2006 Goth.
1311 1965 1417 2003 Alm.

89 2027 201 2079 vom,
222 2038 260 2064 2.
291 2029 404 2062 Bern.
429 2037 466 2062 et
497 2027 580 2062 edd.
606 2038 690 2063 ante
712 2028 804 2063 End.
845 2027 919 2062 Sed
942 2028 1075 2075 Camp.
1101 2025 1180 2061 Nec
1200 2039 1250 2063 m.

175 2091 214 2126 5.
244 2083 522 2118 accommodati.
572 2083 704 2123 Turio.
729 2083 1041 2118 accommodandi-

178 2143 214 2181 4.
242 2139 306 2188 qui
327 2152 417 2173 cum.
466 2139 500 2172 A
523 2151 581 2187 pr.
605 2139 737 2175 Turio.
763 2150 882 2173 manu
912 2138 1021 2187 prius
1042 2136 1199 2177 horum,
1233 2135 1279 2172 ab
1302 2134 1420 2172 altera

91 2195 255 2232 alterum
286 2194 492 2230 omittitur.

179 2258 215 2294 5.
246 2263 360 2299 neque
383 2250 541 2285 humilis.
589 2250 651 2286 Sic
674 2249 804 2285 Turic.
835 2248 938 2286 Ποῖ.
969 2248 1095 2285 Guelf.
1130 2249 1262 2297 Camp.
1312 2247 1418 2283 Reli-

97 2307 167 2356 qui
195 2320 258 2342 nec
281 2306 315 2342 h.
363 2307 414 2342 At
434 2319 528 2341 mox
547 2320 611 2341 nec
633 2304 697 2354 ins.
730 2318 862 2342 omnes
883 2316 1033 2355 praeter
1054 2306 1184 2354 Camp.
1213 2305 1259 2339 cf.
1276 2313 1313 2348 3,
1328 2316 1364 2352 9,
1381 2311 1419 2347 5.

98 2370 136 2406 5,
161 2375 221 2402 11,
244 2371 309 2406 25.
360 2363 414 2398 Ut
443 2373 590 2398 certum
610 2362 660 2400 est
679 2376 723 2399 ac
742 2361 870 2399 vocali
900 2375 980 2398 non
1010 2361 1230 2412 praemitti,
1270 2361 1326 2396 ita
1355 2373 1421 2396 nec

96 2417 266 2455 fluctuat.

153 2551 190 2578 2.
238 2544 400 2592 propriis
438 2561 493 2572 --
529 2544 726 2581 translatis.
784 2542 974 2581 translatis
995 2541 1093 2578 novi
1111 2537 1197 2578 fieri
1218 2541 1334 2590 tropi.

94 2599 197 2636 Cum
225 2598 378 2648 aliquot
406 2600 522 2637 verba
551 2612 628 2637 tam
648 2613 726 2636 ma·
841 2611 876 2645 4.
919 2598 1120 2649 quamlibet
1169 2598 1268 2633 clara
1317 2597 1344 2632 i.
1386 2610 1420 2633 e.

90 2664 179 2691 ture
200 2656 421 2692 transierint
440 2658 483 2693 in
502 2657 597 2694 alios
614 2657 727 2705 figni-
781 2657 957 2706 speciosa,
998 2654 1048 2694 cf.
1071 2660 1111 2701 8,
1141 2661 1177 2699 5
1202 2661 1267 2699 28.
1305 2666 1343 2702 9,
1382 2668 1420 2695 ι.

95 2708 240 2754 ficatus,
263 2713 419 2762 poss'unt
437 2715 479 2750 in
501 2714 588 2764 ipsis
604 2713 726 2751 'uiam
783 2721 848 2757 25.
