1586 2990
285 199 449 248 1Ns'1’.
488 194 766 244 ORATOR.
790 182 918 240 ΠΒ.
958 193 1090 250 vm,
1121 194 1260 241 PRO.
1346 206 1437 255 ²93

106 314 292 378 umbra
317 341 509 391 corpus
532 307 694 389 sequi.
741 307 963 370 Tamen,
984 318 1042 367 in
1069 309 1165 368 hae
1185 319 1293 387 ipsa
1315 337 1435 371 cura
1451 341 1500 376 51.

1 411 96 459 667
109 403 182 453 'est
209 400 414 469 aliquid
442 401 571 449 [atis.
650 397 836 456 Nam,
856 411 976 446 cum
998 397 1207 455 Latina,
1244 397 1438 464 fignifi-
1460 426 1462 428 >

56 488 61 505 ‘
106 482 302 538 cantia,
336 485 542 536 drnata,
577 493 695 527 cum
718 486 835 541 apte
855 473 975 524 funt
997 474 1270 532 collocata,
1284 438 1439 541 ²³quid

105 558 333 624 amplius
373 555 707 605 laboremus?
747 550 1077 622 Quibusdam
1110 561 1285 600 tamen
1314 554 1439 603 nul·

103 634 189 684 lus
238 632 385 682 finis
406 629 764 682 calumniandi
805 628 856 677 se
885 666 899 687 ‚
957 638 1008 678 et
1037 624 1174 678 >cum
1221 626 1437 696 lingulis

102 726 269 778 paene
289 708 502 775 syllabis
541 706 931 758 commorandi:
977 707 1098 771 qui,
1134 707 1291 773 etiam
1313 723 1437 756 cum

103 788 302 854 optima
323 785 447 835 lunt
465 795 692 850 reperta,
733 793 997 849 quaerunt
1025 782 1256 847 aliquid,
1286 783 1437 849 quod

99 862 161 912 fit
196 863 362 928 magis
399 863 703 927 antiquum,
742 871 1035 918 remotum,
1073 871 1436 926 inopinatum,

174 1011 295 1063 sequi.
330 1012 480 1049 Tamen.
535 1012 666 1049 Turio.
698 1011 800 1050 Flor.
840 1011 888 1061 (a
920 1021 978 1062 pr.
1011 1024 1129 1048 manu
1171 1012 1361 1060 uterque)
1389 1010 1436 1061 [ο

99 1071 191 1120 quis.
247 1070 342 1106 Non
385 1070 470 1104 satis
514 1067 657 1104 docem
690 1078 811 1105 tamen
841 1069 980 1105 habeat
1009 1081 1140 1104 necne.
1197 1068 1300 1104 Ahn.
1325 1068 1435 1117 sequi

100 1129 174 1162 fine
195 1133 318 1162 tamen
347 1126 424 1172 (cf.
454 1124 524 1159 hac
552 1128 585 1172 ᾖ.
613 1125 705 1160 item
741 1133 786 1171 8,
819 1135 866 1168 2,
899 1134 963 1169 25.
977 1126 1007 1171 ).
1066 1126 1100 1160 A
1130 1125 1198 1159 sec.
1220 1124 1284 1159 illi
1314 1138 1434 1161 manu.

89 1181 258 1232 sequitur
286 1184 359 1218 fine
396 1190 516 1216 tamen
547 1191 583 1216 et
611 1181 659 1216 fic
683 1183 818 1219 Ambr.
855 1196 890 1218 1.
913 1181 1041 1218 Guelf.
1072 1189 1159 1217 cum
1192 1180 1304 1216 Bodl.
1331 1181 1431 1219 Jens.

98 1249 137 1274 et
157 1236 241 1275 ed‘d.
275 1250 361 1274 ante
384 1241 506 1274 Stoer.
535 1237 606 1273 nisi
635 1240 742 1286 quod
767 1240 899 1288 Camp.
937 1248 975 1274 et
1009 1250 1103 1274 mox
1130 1235 1176 1273 ab
1208 1236 1312 1273 Aldo
1338 1235 1432 1273 inde

99 1302 222 1330 tamen
252 1295 408 1330 addunt.
467 1293 653 1329 Nostrum
686 1294 802 1332 Goth.
833 1294 938 1334 Voff.
976 1306 1013 1331 2.
1041 1293 1142 1332 Vall.
1185 1293 1261 1338 (cf.
1296 1297 1329 1341 §.
1364 1293 1431 1340 9.)

97 1353 197 1386 Ante
226 1349 347 1398 fuerit
369 1351 542 1386 inferunt
569 1364 641 1385 non
660 1351 747 1387 Ald.
774 1363 810 1387 et
841 1351 926 1387 edd.
960 1362 1046 1387 ante
1066 1352 1202 1387 Buxm.
1235 1362 1316 1386 exc.
1333 1348 1430 1386 Bad.

98 1419 157 1455 pr.
180 1409 302 1443 Stoer.
339 1406 503 1443 Chouet.
534 1405 645 1441 Leid.
676 1407 834 1454 jubente
865 1407 964 1443 male
985 1407 1126 1456 Regio.

184 1489 253 1524 51.
295 1495 374 1516 cum
393 1491 490 1530 apte.
549 1482 612 1518 Sic
633 1484 765 1519 Tul-ie.
785 1483 889 1521 Flor.
911 1468 1043 1534 Cainp.
1075 1495 1164 1520 cum
1186 1479 1304 1519 Goth.
1327 1480 1434 1519 Alm.

99 1537 207 1573 Voff.
240 1546 278 1572 2.
309 1538 403 1574 Obr.
435 1547 510 1574 tum
538 1554 572 1573 a.
605 1539 730 1575 Guelf.
762 1551 800 1576 et
830 1539 983 1589 aliquot
1007 1540 1091 1575 edd.
1125 1538 1286 1587 Reliqui
1315 1539 1431 1574 omit-

102 1602 191 1628 tunt
211 1606 301 1628 cum.
514 1593 605 1643 sunt
634 1595 717 1631 coll.
775 1596 838 1632 Sic
858 1596 990 1633 Turic.
1021 1597 1152 1644 Camp.
1185 1593 1302 1631 Goth.
1329 1594 1430 1639 (tac.

91 1648 209 1684 'Germ
234 1650 302 1696 qui
325 1661 449 1686 tamen
470 1651 545 1687 hoc
569 1651 692 1700 ipsum
717 1652 902 1700 volebat)
925 1665 1014 1689 cum
1041 1653 1141 1691 Voss‘.
1162 1662 1200 1688 2.
1223 1651 1318 1687 Obr.
1340 1651 1430 1699 Bip.

99 1703 261 1753 Reliqui
279 1705 359 1757 fine
392 1721 420 1742 c.
635 1707 690 1756 se.
747 1710 804 1744 Ita
834 1709 964 1744 Turio.
995 1713 1043 1755 (ῃ
1075 1722 1132 1757 pr.
1164 1705 1323 1755 manu).
1355 1708 1429 1742 Re-

98 1758 202 1808 liqui
221 1758 284 1808 est.
508 1764 770 1799 commorandi.
830 1764 960 1800 Turic.
993 1767 1040 1813 (a
1063 1778 1121 1814 pr.
1149 1765 1293 1806 manu)
1321 1761 1428 1799 Flor.

99 1818 363 1852 commoriendi
395 1831 482 1854 cum
516 1819 619 1855 Alm.
659 1820 762 1858 Voff.
796 1831 831 1857 2.
873 1820 990 1858 Goth.
1049 1822 1235 1857 Gesnerus
1266 1817 1428 1867 quidem

98 1872 169 1908 vix
186 1873 357 1922 patiatur
377 1875 624 1924 consenescat-e
653 1875 824 1924 aliquem
846 1890 934 1912 cum
962 1876 1121 1926 singulis
1152 1874 1329 1923 syllabis,
1360 1887 1427 1909 ne·

42 1940 43 1943 ¹
98 1927 191 1963 dum
227 1932 411 1967 commori.
468 1931 574 1967 Illud
593 1942 720 1969 tamen
751 1933 820 1968 fibi
857 1933 1020 1969 concedi
1046 1932 1158 1979 jubet
1185 1931 1322 1970 noster.
1354 1928 1425 1978 qui

94 1983 408 2034 „insenescentem
428 1987 586 2035 singulis
608 1989 804 2024 actionum
824 1990 998 2038 partibus
1011 1995 1035 2010 “
1066 1988 1168 2023 dixit
1192 1999 1262 2028 ιο,
1285 1994 1331 2030 52
1357 1999 1373 2020 ¹
1387 1998 1422 2022 1-

99 2051 138 2075 et
158 2041 325 2081 „verbis
349 2042 661 2091 intabescentem“
686 2054 757 2085 12,
790 2058 861 2086 10,
888 2054 952 2090 77.
1008 2046 1054 2080 In
1088 2042 1319 2080 immorando
1350 2042 1425 2076 effe

98 2094 268 2144 aliquem
290 2099 453 2146 gradum
480 2099 527 2133 ad
560 2100 840 2136 immoriendum
872 2110 1028 2150 apparet
1059 2099 1164 2135 dicto
1196 2099 1270 2146 Qu.
1301 2095 1424 2146 patris

99 2162 146 2198 95
178 2160 224 2195 5,
255 2162 321 2197 73.
383 2155 518 2190 Movet
544 2168 607 2190 me
629 2168 861 2204 magnopere
890 2156 1013 2193 codd.
1049 2154 1255 2191 auctoritas
1285 2163 1324 2188 et
1354 2164 1422 2202 pa·

97 2220 187 2243 rum
221 2209 299 2244 fere
330 2210 487 2246 videtur
515 2211 697 2248 nostrum.
757 2213 830 2247 Sed
857 2210 985 2260 „finis
1015 2208 1337 2247 commoriendi“
1360 2208 1420 2244 ni·

96 2264 173 2300 mis
199 2265 399 2314 displicet,
438 2277 476 2303 et
505 2281 634 2315 paene,
670 2268 774 2316 quod
803 2268 958 2304 mollire
982 2277 1136 2317 'poterat
1162 2262 1422 2315 hyperbolen,

99 2330 179 2355 non
197 2321 334 2369 spectat
345 2322 391 2358 ad
412 2326 596 2364 commori,
620 2324 680 2359 sed
694 2325 738 2359 ad
751 2323 931 2375 singulas.
959 2323 1092 2360 Ambr.
1110 2336 1142 2358 ι.
1158 2321 1422 2358 commorandi·

183 2385 259 2430 opt.
282 2377 384 2428 sunt.
430 2381 492 2416 Sic
514 2381 646 2417 Turic.
671 2382 802 2431 Camp.
835 2393 924 2417 cum
946 2379 1042 2418 Obr.
1071 2378 1233 2429 Reliqui
1256 2392 1290 2415 ο.
1305 2375 1391 2429 fine.

156 2505 221 2541 3¹·
257 2496 522 2550 fignficantn'a.
578 2504 660 2543 vid.
690 2511 726 2550 4,
785 2504 972 2542 Gesnems
997 2495 1098 2540 Plin.
1121 2502 1171 2539 H.
1194 2501 1245 2538 N.
1268 2504 1345 2545 34,
1379 2505 1419 2545 8.

98 2565 145 2596 2,
167 2554 231 2598 36.
274 2557 443 2606 Apparet
463 2559 558 2608 quid
575 2562 619 2597 fit
634 2574 728 2598 mox
782 2555 1417 2613 p.11ard.658.„callimaehum

97 2616 276 2655 3,1,1.
305 2613 376 2648 ιώὶ
394 2613 485 2651 haec
503 2627 729 2666 repetuntur
784 2616 1121 2660 „calumniatorem
1148 2612 1261 2664 [ιιὶ.η
1321 2613 1417 2648 adde

98 2676 135 2702 et
154 2666 204 2702 est
230 2680 302 2716 pro
324 2670 452 2706 nostro
474 2672 671 2721 perspicua.
784 2675 898 2710 nostr.
926 2685 986 2713 ιο,
1014 2685 1048 2714 ι,
1075 2677 1166 2715 [15-
1203 2683 1265 2710 10
1288 2677 1324 2713 5
1358 2680 1416 2703 ¹0·

153 2723 400 2760 calumniandi
413 2726 466 2776 se.
525 2730 729 2779 Comparat
822 2727 1098 2766 acommorandi.
1135 2726 1216 2765 vid·
1231 2736 1311 2763 not.
1333 2725 1418 2761 ⁶131·

101 2791 205 2829 Τοηι.
232 2794 298 2829 ΙΙΙ.
898 2797 940 2836 N
