1586 2990
241 141 338 190 442
551 131 625 179 M.
668 131 800 179 ΕΑΒ.
846 124 1259 195 cmm-mum

144 269 227 299 '100
241 255 532 322 cujusquam
559 259 804 305 inimicam
821 265 1147 320 putaverunt.
1180 256 1538 324 [Comparatio-

238 351 346 381 nem
383 333 628 398 equidem
659 331 817 380 video
851 329 1072 396 figuram
1102 347 1212 382 non
1244 331 1364 391 effe,
1416 351 1537 383 cum

235 408 297 458 fit
317 409 526 456 interim
556 407 878 472 probationis
892 443 907 464 ‚
942 406 1155 455 interim
1178 409 1332 456 etiam
1359 407 1536 457 causae

235 500 426 549 genus:
478 494 529 532 et
558 482 617 530 fit
646 483 760 530 talis
786 484 895 542 ejus
915 479 1108 540 forma,
1146 483 1313 547 qualis
1347 476 1417 531 est
1437 500 1535 548 pro

233 562 479 615 Nsurena,
525 559 585 607 V
579 558 733 625 igilas
761 567 817 605 cu
845 558 908 605 de
935 566 1099 614 nocte,
1139 568 1194 606 uc
1221 561 1319 606 tuis
1345 555 1536 628 consul-

229 632 418 683 toribus
465 629 792 703 reftyondeas:
855 631 962 689 ille,
1009 643 1089 689 uc,
1137 651 1235 696 quo
1275 634 1534 691 contendit,

228 720 425 758 mature
448 726 555 755 cum
590 711 812 759 exercitu
833 711 1102 772 perveniat
1116 727 1132 756 .·
1169 718 1219 756 te
1252 707 1533 766 Gallorum,
1562 705 1564 707 ’

230 784 368 833 illum
397 781 714 832 buccinarum
750 794 922 831 cantus
957 779 1230 853 exuscicac,
1277 794 1328 832 et
1354 793 1531 832 cetera.

141 858 419 908 xosNescio
452 877 516 907 an
556 860 805 908 orationis
844 859 1022 923 potius
1063 875 1221 923 quam
1253 857 1532 907 sententiae

225 934 297 983 fit.
358 934 420 988 Id
447 937 589 983 enim
617 933 789 983 solum
812 944 1070 992 mutatur,
1109 932 1254 998 quod
1278 951 1390 983 non
1410 934 1531 982 uni·

223 1008 368 1059 versa
408 1009 686 1066 universis,
741 1008 830 1058 secl
869 1008 1068 1074 singula
1111 1009 1326 1075 lingulis
1364 1026 1530 1074 oppo·
1568 1022 1571 1028 ’

221 1095 437 1134 nuntur.
513 1089 576 1133 Et
602 1084 779 1134 Celsus
807 1095 1004 1140 tamen,
1042 1094 1092 1132 et
1120 1101 1231 1133 non
1260 1085 1526 1150 negligens

222 1172 398 1211 auctor
430 1159 671 1210 Visellius
699 1161 756 1208 in
783 1159 879 1208 hac
908 1176 1021 1207 eam
1052 1170 1194 1225 parte
1222 1159 1523 1226 posuerunt.

306 1318 397 1345 100.
429 1308 607 1356 equidem.
660 1307 763 1343 Flor.
785 1308 939 1356 quidem.
977 1308 1109 1343 Turio.
1134 1308 1290 1344 omittit.
1328 1307 1465 1344 Placet.

301 1373 351 1399 tu.
403 1363 533 1398 Turio.
564 1362 666 1398 Flor.
693 1363 887 1398 omittunt.
1054 1364 1135 1398 tuis.
1183 1363 1312 1398 Turio.
1340 1363 1410 1406 ius.

301 1418 498 1454 contendit.
548 1418 610 1453 Sic
631 1418 762 1453 Turio.
785 1417 886 1453 Flor.
911 1415 1035 1452 Guelf.
1068 1431 1155 1453 cum
1182 1418 1286 1456 Vols.
1310 1426 1346 1459 5.
1377 1429 1413 1454 et
1435 1418 1522 1456 edd.

215 1486 301 1510 ante
325 1474 419 1509 Obr.
451 1486 530 1509 exc.
558 1474 688 1520 Camp.
729 1473 798 1519 qui
829 1474 945 1508 tendit
973 1485 1059 1506 cum
1086 1473 1201 1508 Goth.
1224 1473 1326 1509 Voss'.
1351 1484 1386 1509 2.
1407 1473 1518 1510 Bodl.

216 1530 310 1567 Obr.
352 1528 510 1576 Reliqui
539 1529 696 1564 intendit
716 1540 735 1562 e
757 1528 836 1564 Cic.
868 1542 980 1575 quem
1003 1528 1126 1563 noster
1156 1528 1338 1576 exprimit
1363 1541 1457 1566 mox
1480 1541 1518 1576 9,

214 1594 252 1628 5,
276 1594 340 1627 52.
387 1583 549 1631 Ablegat
567 1585 699 1619 Burm.
719 1582 763 1617 ad
785 1583 835 1619 N.
857 1583 983 1618 Heins.
1006 1583 1048 1616 in
1074 1583 1200 1619 Valer.
1221 1581 1340 1619 Flacc.
1365 1594 1401 1627 7,
1426 1592 1516 1628 ²¹4·

212 1641 259 1676 cf.
277 1640 365 1676 Liv.
387 1647 452 1682 55,
481 1653 546 1681 ιι,
574 1649 634 1682 13.
803 1637 986 1685 exuscitat.
1026 1638 1088 1673 Sic
1111 1639 1240 1687 Camp.
1263 1638 1393 1675 Turio.
1414 1631 1516 1674 Florss

212 1695 337 1730 Guelf.
368 1694 463 1740 (nifi
493 1695 599 1742 quod
622 1695 728 1729 MSS.
748 1692 780 1741 s
796 1694 965 1728 inserunt
983 1693 1066 1740 post
1085 1694 1136 1740 x)
1158 1706 1245 1728 cum
1267 1693 1383 1730 Goth.
1414 1693 1514 1730 Alm.

209 1750 313 1789 Voss.
335 1761 371 1786 2.
394 1759 431 1784 et
451 1749 535 1785 edd.
557 1759 641 1785 ante
667 1748 814 1798 Gryph.
838 1761 885 1784 ex
903 1749 984 1798 ipso
1008 1747 1087 1784 Cic.
1126 1747 1284 1796 Reliqui
1306 1749 1449 1785 excitat.

268 1883 356 1908 100.
389 1871 563 1920 equidem.
595 1870 640 1906 cl.
658 1869 833 1906 nouerit.
887 1871 1023 1905 Fateor
1040 1870 1100 1907 ibi
1120 1869 1234 1919 longe
1254 1870 1404 1910 clarius,
1428 1871 1511 1907 sub-

254 1925 690 1974 *probationis—causae
708 1937 831 1972 genus.
885 1926 987 1971 jecto
1018 1928 1079 1973 qui
1107 1935 1328 1974 aggregenc3
1355 1926 1415 1960 sed
1443 1939 1511 1961 no-

206 1983 316 2016 Prius
347 1981 414 2017 lib.
447 1989 481 2024 5.
510 1995 541 2017 c.
566 1996 581 2016 1
597 1996 628 2016 ι.
661 1981 829 2020 docetur,
886 1979 960 2015 stro
982 1979 1069 2016 loco
1089 1982 1115 2015 fi
1133 1982 1284 2029 prorsus
1304 1992 1414 2028 negat
1442 1979 1516 2030 effe·

205 2037 251 2071 de
273 2036 390 2072 altero
412 2036 457 2072 ef.
478 2047 557 2072 not.
581 2038 625 2072 ad
648 2045 685 2078 5,
707 2034 744 2076 6,
767 2043 829 2077 23.
879 2033 1068 2082 figuram,
1099 2036 1168 2083 qui
1194 2035 1313 2084 potest
1332 2037 1510 2071 orationis

202 2105 240 2140 p.
258 2100 333 2138 491
350 2092 420 2138 seq.
445 2091 665 2127 Attendenti
684 2091 830 2138 persua—
875 2085 1014 2138 ‘potius
1045 2104 1158 2138 quam
1186 2090 1387 2140 sententiae
1424 2104 1506 2126 ean-

202 2146 323 2186 debo,
354 2146 514 2194 opinor,
544 2159 617 2181 non
647 2156 730 2180 ante
761 2143 829 2193 effe
886 2145 971 2180 dem
1001 2146 1145 2181 censere
1176 2149 1237 2193 (§.
1262 2144 1408 2188 102.)?
1446 2145 1507 2181 Vi-

199 2214 397 2249 perperam
412 2201 593 2250 irrepsisse
615 2201 679 2245 (cf.
699 2201 744 2236 de
758 2200 827 2234 hac
884 2201 951 2236 deo
973 2199 1041 2250 effe
1059 2200 1367 2249 interpretaberis
1390 2213 1502 2248 ergo:

200 2255 415 2303 corruptela
447 2256 483 2296 6,
515 2265 551 2297 2,
587 2258 682 2302 11.).
738 2257 826 2291 Cum
881 2256 1022 2296 „video
1053 2269 1072 2291 a
1105 2255 1332 2303 quibusdam
1373 2255 1504 2291 vocari

197 2311 412 2358 saepissime.
442 2311 541 2359 apud
565 2311 680 2356 hujus
704 2310 824 2344 maxi·
880 2310 1108 2358 ‚,f1guran1,“
1146 2323 1311 2359 quorum
1333 2323 1425 2345 mox
1446 2323 1502 2345 re-

197 2378 257 2403 me
290 2365 375 2401 aevi
407 2366 626 2412 scriptores,
670 2366 719 2400 est
750 2377 822 2412 pro
880 2366 1073 2401 censentur
1102 2365 1228 2402 Celsus
1255 2376 1292 2401 et
1310 2364 1500 2404 Visellius.

195 2435 274 2456 cum
287 2430 415 2460 tamen,
439 2421 542 2467 quod
554 2420 695 2455 alicubi
709 2421 822 2455 etiam
878 2421 924 2456 cf.
949 2432 983 2467 9,
1001 2429 1039 2462 5,
1062 2429 1124 2463 32.

195 2475 497 2511 animadvertisse
549 2475 706 2516 videor,
761 2475 821 2509 sed
936 2487 1026 2510 101.
1059 2474 1236 2524 Visellius.
1268 2476 1360 2512 Non
1378 2475 1496 2511 aliun-

191 2543 294 2566 nuuc
331 2543 409 2566 non
447 2531 640 2566 succurrit.
703 2529 818 2564 Video
875 2529 921 2566 fle
951 2543 1064 2578 quam
1102 2545 1120 2566 e
1149 2531 1275 2566 nostro
1304 2531 1418 2570 novi,
1448 2529 1494 2566 cf.

192 2598 283 2632 ergo
305 2585 451 2620 dictum
473 2585 522 2620 est
543 2586 642 2633 quali
663 2586 816 2633 reperio,
873 2588 907 2632 ᾖ.
934 2595 1020 2628 107.
1053 2586 1148 2631 9‚‘5‚
1172 2591 1235 2632 89.
1273 2585 1418 2621 Frustra
1453 2586 1495 2620 fit

189 2640 299 2677 velut
325 2652 419 2676 mox
461 2644 493 2688 §.
528 2650 619 2685 107.
654 2640 815 2678 Invenio,
873 2653 1025 2683 eorum,
1055 2640 1142 2689 qui,
1171 2639 1305 2677 eodem
1324 2639 1492 2680 nomine,
