1586 2990
198 202 262 257 36
502 197 578 246 Μ.
619 201 753 246 FAB.
803 201 1210 261 QUINTILIANI

198 325 343 373 biles.
413 324 561 373 Actio
581 340 679 387 pro
702 317 886 390 rustico
909 332 1083 370 contra
1105 318 1345 392 dffercum
1359 359 1374 382 ‚
1403 339 1502 387 pro

191 395 335 468 forti
371 409 543 448 contra
582 396 845 454 imbellem,
879 413 976 460 pro
1016 393 1311 464 restitutore·
1331 409 1504 447 contra

207 477 466 542 ingratum
479 511 492 531 ‚
510 490 607 537 pro
629 492 711 530 eo,
735 475 820 536 qui
842 481 993 534 parte
1011 469 1365 542 contentusfie,
1395 490 1509 522 con-

206 559 290 596 tra
312 567 448 606 eum,
470 552 555 612 qui
564 545 738 616 fratri
761 545 881 594 nihil
901 547 1024 594 dare
1042 564 1106 596 ex
1119 550 1347 611 paternis
1367 547 1504 613 velil.

146 645 195 684 44
214 628 357 691 Quae
410 625 585 672 omnia
621 622 740 671 sunt
786 622 844 670 in
892 623 1124 680 materia,
1183 632 1233 670 et
1276 622 1510 672 multum

209 702 417 758 juvant,
469 699 741 746 victoriam
788 707 958 744 tamen
975 735 979 740 x
997 714 1108 745 non
1149 697 1374 746 trahunt.
1447 699 1511 745 Iu

208 773 304 820 h'ac
340 783 656 836 quaerentur
684 770 984 829 sententiae,
1032 771 1071 820 fi
1109 769 1222 820 fieri
1261 772 1512 836 potuerit,

207 849 540 912 praecipites,
570 848 658 896 vel
677 845 945 904 obscurae,
977 851 1128 908 (nam
1161 862 1220 894 ea
1236 863 1379 895 nunc
1404 846 1513 895 vir-

295 981 357 1019 45.
405 988 470 1023 pro
486 974 593 1022 forti.

653 975 782 1010 Turio.
799 974 912 1022 forte.
950 974 1075 1010 Guelf.
1091 973 1199 1021 forti.

1239 976 1368 1023 Camp.
1396 968 1512 1010 Goth.

208 1027 310 1078 (tac.
333 1030 470 1076 Gesn.)
498 1030 689 1071 nostrum,
719 1029 862 1076 reliqui
893 1029 1061 1064 inserunt
1089 1031 1179 1064 viro.

292 1084 481 1119 imbellem.
540 1084 669 1132 Camp.
701 1085 912 1120 imbecillem
937 1095 1023 1118 cum
1045 1083 1193 1131 aliquot
1214 1085 1298 1120 edd.

295 1146 356 1183 44.
414 1139 569 1174 trahunt.

638 1140 698 1174 Sic
727 1140 856 1175 'rm-ic.

895 1138 995 1174 Alm.
1034 1137 1146 1174 Palat.
1187 1140 1310 1175 Gebh.
1364 1137 1516 1172 Primus

210 1205 335 1231 tamen
354 1208 370 1229 a
393 1195 459 1230 sec.
480 1207 595 1229 manu
619 1195 724 1228 addit
743 1195 800 1229 vel
819 1195 854 1230 d.
878 1203 920 1228 ut
939 1194 981 1228 fit
1008 1194 1173 1232 tradunt,
1200 1206 1236 1229 et
1258 1196 1305 1229 fic
1328 1191 1482 1239 reliqui.

291 1250 332 1284 In
353 1250 427 1284 hac.
486 1249 608 1284 Guelf.
631 1251 660 1284 I.
680 1250 780 1284 hanc.
824 1249 919 1287 Jenf.
950 1249 978 1282 Ι.
1005 1249 1071 1283 hoc
1101 1262 1187 1283 cum
1212 1249 1294 1283 edd.
1317 1252 1400 1283 ante
1423 1245 1515 1282 Bad-

210 1303 394 1351 Nostrum
439 1314 476 1340 et
502 1305 542 1338 in
574 1303 673 1342 Vall.

891 1306 1062 1351 potuerit.

212 1361 342 1407 Camp.
375 1371 462 1394 cum
483 1358 598 1395 Goth.
631 1370 668 1394 et
700 1359 782 1395 edd.
812 1369 896 1394 aute
934 1359 1025 1394 Bad.
1084 1359 1240 1406 Reliqui
1265 1359 1411 1406 poterit.
1469 1354 1515 1389 cf.

214 1415 260 1454 6,
293 1420 335 1456 4,
378 1418 438 1456 ι4.

213 1514 254 1548 di
272 1523 380 1560 putat
398 1512 598 1561 significari
618 1514 660 1548 in
679 1514 747 1555 iis,
777 1513 846 1560 qui

213 1581 300 1602 cum
319 1568 544 1604 solicitiores
566 1570 634 1604 fiut
663 1567 713 1614 in*
737 1581 844 1604 oran·

215 1623 278 1662 do,
301 1635 378 1657 non
401 1623 578 1662 totidem,
609 1634 704 1670 quot
723 1623 844 1659 levio-

213 1690 273 1712 res
295 1676 378 1717 illi,
409 1677 547 1724 poffint
579 1679 700 1713 causas
729 1679 843 1713 susci-

215 1745 303 1780 pere
322 1757 331 1771 ‚
359 1732 401 1767 id
434 1746 673 1780 nequaquam
704 1733 841 1781 probO.

203 1787 299 1833 ‚Nec
319 1788 402 1821 satis
415 1786 536 1834 placet
550 1788 731 1822 Gesnerus
754 1788 842 1834 ipse,

217 1841 408 1876 raritatem
442 1843 631 1876 causarum
657 1843 844 1889 accipiens

219 1909 321 1936 eam,
352 1909 448 1944 quae
470 1898 513 1930 fit
540 1897 583 1931 in
614 1896 764 1931 delectu
793 1897 844 1931 fa-

218 1950 354 1986 ciendo
402 1951 593 1998 ejusmodi
641 1951 844 1993 causarum,

899 1514 1038 1561 paratis
1050 1523 1086 1548 et
1098 1513 1344 1548 innatantibus
1355 1510 1401 1546 ad
1412 1521 1520 1559 gran-

901 1566 1179 1616 diloquentiam
1203 1568 1321 1603 abuti.

954 1624 1072 1659 Actio.
1116 1624 1255 1657 Haeret
1282 1622 1347 1656 hic
1366 1619 1520 1668 Regius,

901 1678 965 1712 cui
997 1688 1097 1712 recte
1124 1677 1264 1712 Badius
1293 1674 1361 1724 eft,
1398 1677 1521 1714 oritur,

899 1731 1008 1767 facile
1029 1731 1224 1766 subaudiri.
1248 1731 1458 1779 respondet.

955 1788 1052 1822 tlure.
1102 1786 1228 1821 Placet
1265 1786 1369 1826 sane,
1418 1783 1524 1832 quod

899 1855 999 1876 unus
1036 1840 1101 1876 hio
1140 1840 1306 1876 ostendit
1340 1839 1524 1888 Campani

900 1896 1020 1932 liber:
1052 1897 1144 1930 dari.

959 1958 1021 1995 44.
1053 1951 1209 1986 trahunt·
1233 1947 1434 1998 Eleganter
1451 1961 1523 1997 pro

221 2005 347 2052 quales
381 2018 467 2041 raro
495 2006 538 2040 in
567 2005 705 2041 scholis
738 2019 846 2041 oran·
895 2004 1017 2054 secum
1046 2005 1201 2040 trahunt.
1255 2004 1301 2040 cf.
1327 2002 1523 2054 Prakenb.

220 2071 304 2101 tur,
343 2061 387 2095 de
419 2061 559 2108 quibus
589 2061 667 2096 fere
700 2062 849 2096 nonnisi

220 2125 324 2150 extra
342 2115 508 2155 scholam
528 2117 716 2163 cogitatur
743 2129 763 2149 a
789 2116 848 2151 vi·

219 2170 273 2204 ris
304 2170 346 2204 in
384 2171 464 2218 ipso
493 2169 653 2218 pulvere
685 2181 723 2206 et
762 2171 847 2206 foxo

220 2224 403 2271 spectatis.
457 2225 558 2260 Nam
580 2227 736 2259 rariores
758 2237 846 2272 pro-

222 2279 320 2314 fecto
368 2278 454 2313 lites
476 2305 486 2319 ,
531 2279 651 2325 magis
700 2278 846 2314 scholae

223 2333 307 2368 runt
338 2346 451 2380 quam
475 2333 573 2373 fori;
600 2344 636 2368 et
667 2332 847 2367 declama-

224 2398 325 2423 tores
347 2388 388 2422 id
416 2388 579 2422 maxime
602 2388 849 2435 indignantur

223 2443 264 2477 in
284 2442 419 2478 sobriis
436 2443 513 2477 istis
531 2453 567 2477 et
586 2442 847 2490 diligentibus,

225 2497 329 2543 quod
359 2497 528 2532 affluente
552 2497 704 2531 dicendi
734 2507 848 2531 mate—

223 2551 301 2590 ria,
334 2551 455 2598 qualis
476 2552 553 2586 est
543 2565 583 2586 ιιι
604 2554 696 2586 raris
715 2539 847 2591 lst‘ibus,

223 2615 347 2640 tamen
368 2606 509 2652 singula
529 2605 751 2654 perlustrare
771 2620 847 2641 ma

219 2658 306 2695 lunt
317 2670 354 2695 et
364 2661 558 2696 recondita
570 2662 714 2704 num-i,
735 2674 848 2712 quam

904 2062 950 2096 ad
967 2062 1053 2096 Liv.
1077 2060 1121 2101 6,
1157 2067 1202 2103 8,
1235 2059 1270 2094 6.

957 2118 1002 2151 In
1031 2115 1106 2150 Ιιαε.
1137 2115 1218 2155 „.sc
1238 2115 1389 2151 actione.

905 2171 1002 2206 dius.

952 2226 1168 2272 praecipites
1184 2242 1239 2251 --
1257 2222 1434 2272 obscurae.
1462 2223 1526 2258 De

902 2280 1099 2327 primibus
1129 2277 1279 2312 consule
1302 2289 1347 2318 2,
1384 2293 1456 2318 11,
1488 2287 1525 2320 5.

1403 2092 1428 2134 l‘
1440 2105 1442 2108 Ι
1454 2115 1524 2150 Ba-

886 2329 950 2368 'de
973 2332 1100 2368 alteris
1123 2339 1159 2376 3,
1184 2343 1218 2370 2,
1249 2339 1308 2376 13.
1338 2335 1527 2368 Futurum

903 2388 1015 2423 verbi
1036 2395 1249 2436 quaerentur
1281 2387 1346 2423 hic
1371 2388 1528 2435 quidem

903 2454 1141 2490 nequaquam
1171 2442 1221 2477 est
1246 2442 1526 2490 praecipientis,

903 2497 986 2537 sed,
1014 2510 1093 2532 non
1123 2497 1198 2531 fine
1228 2496 1382 2537 dolore,
1421 2508 1526 2545 pr-ae

903 2552 1075 2599 fagientis
1092 2553 1165 2599 Qu.
1190 2551 1283 2599 quid
1301 2551 1449 2587 facturi
1461 2551 1528 2585 nm:

903 2607 955 2647 ii,
987 2607 1053 2654 qui
1084 2607 1149 2640 suo
1181 2616 1351 2654 tempore
1384 2601 1529 2642 vellent

904 2661 1123 2711 eloquentes
1148 2660 1283 2698 videri.

1130 1305 1191 1343 Sic
1218 1303 1346 1338 Turio.
1389 1300 1515 1338 Guelf.
1568 1335 1572 1339 ,
