1586 2990
267 251 430 297 INST.
474 248 752 296 ORATOR.
793 247 916 292 LIB.
951 242 1083 302 vm,
1118 246 1258 292 PRO.

1351 257 1444 303 191

118 387 409 428 occurrent.
471 374 571 425 Sed
609 362 745 440 opus
776 371 848 421 est
878 369 1050 421 studio
1085 369 1447 438 praecedente,

94 459 101 474 ⁸
121 465 175 503 et
196 452 444 519 acquisita
461 451 729 513 facultate,
760 460 811 499 et
830 447 972 515 quasi
991 447 1226 515 reposita.
1277 449 1447 496 Nam-

31 543 230 597 666que
273 529 367 578 ista
408 527 721 594 quaerendi,
768 526 1063 590 judicandi,
1106 524 1447 591 comparandi

122 609 377 664 anxietas,
416 606 548 655 dum
572 604 846 664 discimus,
884 603 1179 653 adhibenda
1203 601 1299 661 est,
1332 618 1446 650 non

122 683 261 734 dum*
291 682 531 732 dicimus.

612 683 861 747 Alioqui,
897 680 1026 730 ficut
1058 682 1153 746 qui
1192 681 1446 745 patrimo-

119 760 276 811 nium
306 775 419 811 non
453 770 728 826 pararunt,
776 758 1000 808 subinde
1035 768 1324 822 quaerunt:
1375 757 1448 804 ita

119 837 180 888 in
204 837 458 896 oratione,
483 839 580 904 qui
604 854 715 887 nou
737 835 852 886 satis
866 836 1184 885 laborarunt.
1233 836 1287 885 Si
1299 850 1448 902 prae·
1461 846 1516 906 59

205 1000 402 1028 occurrent.
458 992 590 1027 Turic.
621 991 748 1027 Guelf.
784 992 916 1041 Camp.
956 982 1180 1028 occurrerent
1217 1003 1307 1026 cum
1344 989 1448 1028 Alm.

122 1058 161 1084 et
191 1048 276 1083 edd.
298 1058 390 1083 ¹ante
418 1046 505 1083 Ald.

737 1049 822 1082 alum
853 1048 1017 1083 dicimus.
1072 1047 1136 1083 Sic
1169 1047 1302 1083 Tui-ic.
1342 1046 1448 1084 Flor-

120 1104 256 1140 Ambr.
294 1103 328 1139 i.
362 1117 451 1139 cum
480 1103 582 1140 Alm.
615 1118 635 1138 a
653 1105 722 1139 sec.
744 1117 863 1140 manu
890 1105 1042 1153 primus
1071 1103 1215 1138 horum
1235 1117 1315 1138 cum
1341 1104 1377 1139 d.
1411 1114 1450 1140 et

119 1161 170 1197 fic
202 1158 358 1208 reliqui.

600 1160 771 1210 subinde.

828 1161 960 1196 Turio.
992 1163 1042 1207 (a
1069 1174 1127 1208 pr.
1158 1158 1304 1207 manu)
1341 1159 1447 1195 Flor.

87 1209 92 1213 ⁵
119 1216 254 1252 Ambr.
284 1230 318 1252 1.
348 1214 420 1265 sub
458 1217 555 1252 diem
585 1230 673 1252 cum
699 1216 801 1253 Alm.
831 1217 927 1255 Jens.
961 1219 1058 1262 (tac.
1093 1215 1236 1265 Gesn.)
1266 1217 1379 1251 Tarv.
1413 1226 1452 1251 et

120 1271 206 1308 rell.
237 1273 321 1308 edd.
355 1283 439 1309 ante
472 1274 565 1321 Bad,

796 1274 1024 1309 laborarunt.

1083 1273 1216 1308 Turic.
1244 1272 1379 1308 Ambr.
1414 1286 1451 1306 ι.

121 1328 307 1377 laboravit
326 1341 414 1364 cum
426 1329 527 1365 Alm.
549 1343 568 1364 a
589 1331 656 1366 sec.
680 1343 798 1365 mauu
820 1330 1046 1367 laborarunt.
1077 1327 1194 1366 GOth.
1217 1329 1306 1374 (tac.
1320 1328 1451 1374 Gesn.)

120 1383 250 1422 Guelf.
279 1385 411 1433 Camp.
440 1386 615 1422 laborant
641 1399 731 1422 cum
756 1386 862 1426 Voff.
894 1397 932 1423 2.

181 1519 245 1555 29.
301 1508 388 1543 dum
431 1510 612 1552 dicimus,
662 1511 756 1546 dum

126 1564 250 1599 causas
272 1565 433 1612 agimus.
490 1567 630 1615 Neque
652 1568 757 1602 enim

123 1631 229 1655 nunc
264 1619 443 1669 loquitur
479 1622 525 1658 de
565 1623 759 1669 ejusmodi

124 1675 325 1717 anxietate,
348 1690 442 1726 quae
464 1680 508 1714 fit
525 1680 628 1715 inter
638 1679 757 1728 ipsam

122 1730 326 1768 actionem.
386 1733 564 1783 Opponit
584 1746 758 1771 ‚aetatem

122 1785 352 1824 discentium
393 1789 523 1833 alteri,
562 1805 650 1827 cum
678 1794 757 1840 jam

121 1853 292 1881 oratores
311 1845 403 1882 facti
431 1848 586 1896 negotia
618 1859 758 1898 gerunt

46 1912 47 1916 ¹
119 1897 165 1934 iu
189 1898 289 1937 foro.

175 1956 332 2007 Alioqui
351 1984 362 2000 ,

422 1958 520 2010 ficut
536 1968 541 1972 ‘'
569 1981 623 1992 —-
681 1976 757 1998 cor·

118 2010 319 2063 passe-qui.
370 2016 448 2051 Hic
477 2018 542 2052 etsi
573 2019 762 2054 sententia·

119 2076 319 2117 utcunque
351 2073 588 2118 agnoscitur,
618 2074 756 2110 mutila

122 2130 250 2159 tamen
299 2137 337 2162 et
386 2125 517 2162 hiulca
572 2130 756 2179 pleraque

119 2191 238 2216 nemo
283 2182 335 2218 eft
391 2183 488 2231 quin
536 2186 757 2222 admonitus

120 2235 266 2273 sentiat.
324 2239 500 2274 Primum
533 2243 637 2277 enim
670 2243 756 2291 quis

121 2293 332 2340 acquiescet
347 2295 390 2330 in
410 2295 628 2346 confragosa
659 2300 754 2335 adeo

122 2348 319 2392 oratione,
345 2351 469 2400 qualis
491 2353 559 2389 est:
591 2356 630 2390 Si
649 2369 756 2405 prue-

119 2413 274 2451 parata,
295 2407 365 2442 ubi
386 2407 490 2443 nulla
508 2413 752 2447 commiffura

121 2461 429 2501 antecedentibus
448 2465 665 2514 junguntur
693 2469 752 2502 in-

121 2515 326 2564 sequentia.
355 2520 507 2555 Deinde
529 2523 657 2560 deficit
666 2516 752 2560 fub‘-

119 2573 266 2621 jectum
309 2587 443 2611 eorum
476 2591 570 2625 quae
605 2591 752 2621 „erunt

118 2628 199 2673 „in
221 2631 398 2667 offici0.“
457 2635 617 2672 Infantis
645 2638 694 2672 est
715 2648 753 2672 et

118 2686 371 2724 balbutientis
406 2691 600 2732 ‚,verl›a,“
646 2703 752 2730 tanto

118 2746 325 2783 intervallo
365 2760 444 2783 non
482 2751 752 2798 compar-entia,

119 2803 184 2841 hic
204 2805 463 2843 subaudienda
484 2806 641 2842 [ιιιιιεῐο.
681 2806 755 2842 Sed

813 1524 861 1546 ne
896 1510 939 1546 in
968 1510 1168 1560 prioribus
1199 1509 1359 1558 quidem
1387 1521 1452 1546 ex-

811 1566 942 1615 pletur
958 1567 1109 1603 animus
1132 1566 1337 1602 audientis.
1377 1567 1453 1602 Ita-

814 1636 862 1658 ne
903 1623 1012 1672 „qui
1055 1622 1335 1673 patrimonium
1372 1635 1454 1657 non.

813 1690 1032 1728 „pararunt
1044 1686 1066 1700 “
1084 1679 1184 1715 illud
1205 1679 1331 1727 ipsum
1352 1692 1452 1727 „pa-

812 1735 1099 1776 ,‚t1·imonium“
1112 1733 1325 1784 quaeruut?
1340 1734 1453 1783 Opus

815 1792 865 1827 est
887 1793 1062 1841 opposito
1096 1792 1288 1841 quodam,
1322 1801 1358 1826 et
1378 1790 1452 1825 mi-

812 1860 908 1884 nore
935 1847 1029 1888 illo,
1070 1848 1197 1896 quod,
1215 1881 1220 1883 ,
1238 1861 1327 1882 cum
1354 1856 1453 1896 patr.

810 1918 892 1940 non
909 1906 1100 1954 pararint,
1126 1917 1230 1940 nunc
1261 1913 1454 1954 quaerant.

811 1962 888 1996 Etfi
914 1962 1017 1996 enim
1047 1962 1090 1997 in
1118 1970 1214 2010 patr.
1243 1973 1340 1995 voce
1371 1972 1454 1994 non

809 2018 1047 2053 haerendum
1061 2044 1072 2058 ,
1104 2019 1205 2065 quasi
1227 2015 1327 2051 illud
1347 2029 1366 2050 a
1386 2029 1454 2064 pa-

813 2083 866 2109 tre
897 2074 1016 2108 modo
1045 2073 1170 2121 accipi
1201 2071 1320 2120 (vide
1344 2081 1455 2106 notas

813 2130 859 2165 ad
902 2128 1013 2165 Decl.
1059 2130 1193 2165 Burni.
1241 2142 1278 2177 p.
1317 2129 1453 2163 Burm-

816 2185 937 2230 456.)
968 2185 1125 2224 debeat,
1166 2184 1356 2220 claudicat
1400 2194 1451 2218 ta-

813 2255 902 2276 men
934 2242 1076 2281 oratio,
1114 2242 1141 2276 si
1171 2239 1275 2275 nihil
1309 2241 1350 2275 in
1386 2254 1452 2287 pa-

813 2299 994 2337 trimonii,
1021 2297 1128 2346 quod
1149 2310 1228 2333 non
1249 2297 1369 2337 adest,
1391 2295 1451 2331 lo·

812 2367 901 2390 cum
924 2354 1053 2390 subeat
1075 2353 1192 2391 aliud.
1233 2355 1331 2388 Mox
1350 2365 1451 2400 nego

812 2425 853 2446 ac
895 2423 1092 2460 pernego,
1144 2422 1216 2458 pro
1262 2410 1335 2456 Qu.
1379 2409 1452 2445 effe

810 2467 1084 2506 concinnitate,
1105 2465 1376 2514 imperfectum
1396 2466 1452 2500 ita

811 2524 1011 2560 destituere
1031 2521 1281 2560 οἶνταπόὃοτον,
1302 2533 1371 2556 nec
1383 2521 1449 2556 ha-

807 2581 873 2616 bet
904 2578 1005 2614 illud
1048 2581 1102 2614 ita
1135 2591 1214 2626 quo
1250 2577 1450 2614 referatur·

808 2637 888 2676 An,
924 2646 968 2670 ut
994 2636 1258 2682 patrimonium
1292 2646 1450 2682 quoque

810 2700 990 2742 quaerant
1010 2692 1052 2725 in
1075 2691 1270 2731 oratione,
1294 2690 1365 2738 qui
1382 2703 1448 2739 pa·
1521 2715 1524 2718 ⁴

810 2761 898 2782 rum
941 2745 1187 2782 laborarint?
1236 2747 1360 2781 Restat
1404 2756 1449 2782 ut

812 2804 982 2853 aliquam
1000 2802 1080 2840 loci
1103 2804 1269 2842 truncati
1297 2801 1446 2838 restitu-

1491 2442 1509 2456 Χ
