1586 2990
207 196 305 254 416
525 196 602 245 M.
631 199 764 246 FAB.
799 192 1205 273 QtijrmtAm‘
1272 166 1274 170 ⁷

276 323 338 362 Ac
370 335 444 375 ego
477 317 721 381 nesciebam,
763 318 957 382 quorsum
999 332 1046 365 tu
1081 325 1170 365 ires.
1222 324 1412 366 Parvula

279 389 398 428 Hinc
426 388 482 447 eft
515 388 714 442 abrepta,
751 390 896 429 eduxit
931 400 1062 430 macer
1094 404 1171 443 pro
1195 385 1294 450 sua,

280 455 404 495 Soror
431 456 546 495 dicta
575 455 656 516 est:
691 458 810 508 cupio
835 455 1055 503 abducere,
1090 466 1138 497 ut
1157 457 1324 498 reddam
1337 451 1445 517 suis.

149 564 199 606 59
214 553 313 601 Sed
347 553 645 602 nostrorum
677 571 890 619 quoque
932 555 1193 604 dictorum
1234 554 1514 603 factorum-

213 645 317 692 que
358 628 534 676 fimilis
563 630 793 679 imitatio·
824 630 895 677 est
933 648 1027 695 per
1058 630 1371 687 relacionem,
1417 627 1516 676 nifi

212 703 359 767 quod
414 702 740 767 frequentius
789 704 1051 764 asseverat,
1114 723 1271 770 quam
1320 704 1514 754 eluditt

210 775 462 826 Dicebam
499 778 684 827 hahere
734 798 816 829 eos
859 793 1077 843 actorem
1127 783 1192 854 Q.
1231 779 1514 830 Caecilium.
1561 775 1565 780 “

212 855 343 902 Sunt
365 865 415 901 et
433 855 522 901 illa
542 855 797 915 jucunda,
836 867 886 904 et
909 857 972 904 ad
994 856 1516 912 commendationem,

212 945 334 977 cum
365 931 610 978 varietate
645 942 759 979 tum
790 933 945 980 etiam
970 931 1076 997 ipsa
1104 944 1312 988 natura,
1349 931 1516 996 pluri·-

209 1019 358 1053 mum
391 1005 633 1069 prosunt,
672 1023 805 1071 quae
830 1005 1111 1072 [implicem
1142 1007 1427 1072 quandam,
1465 1016 1516 1054 et

210 1097 321 1128 non
353 1092 696 1144 praeparatam
728 1083 1049 1131 ostendendo
1074 1085 1385 1140 orationem,
1418 1084 1517 1131 mi-

146 1162 310 1202 6onus
348 1170 445 1203 nos
484 1154 740 1220 suspectos
774 1157 935 1217 judici
971 1156 1182 1206 faciunt.
1271 1158 1407 1207 Hinc
1444 1156 1516 1206 est

211 1228 352 1294 quafi
386 1233 694 1294 poenitencia
731 1233 878 1279 dicti.-
927 1243 987 1280 ut
1022 1249 1118 1298 pro
1157 1234 1364 1289 Coelio,
1414 1233 1518 1281 Sed

210 1306 336 1368 quid
357 1323 457 1373 ego
482 1309 553 1352 ita
575 1324 795 1373 gravem
817 1304 1086 1377 personam
1115 1310 1405 1357 introduxi?
1452 1311 1517 1354 Et

212 1381 404 1443 quibus
431 1382 632 1428 utimur
653 1383 845 1446 vulgo,
884 1383 1185 1445 Imprudens
1207 1383 1365 1430 incidi.
1421 1382 1518 1430 Vel

213 1471 334 1503 cum
364 1472 611 1518 quaerere
643 1474 762 1514 nos,
800 1457 929 1522 quid
961 1457 1220 1515 dicamus,
1259 1455 1518 1522 fingixnu5‚
1582 1516 1586 1528 1

217 1531 359 1601 Quid
380 1531 626 1595 reliquum
655 1528 767 1600 est?
812 1543 876 1590 et,
913 1534 1064 1581 Num
1091 1534 1216 1595 quid
1248 1529 1421 1604 omisi?
1467 1541 1519 1580 et

214 1622 335 1654 cum
370 1606 569 1655 ibidem
603 1609 858 1666 invenire,
894 1618 955 1657 ut
987 1610 1057 1655 ait
1093 1609 1294 1666 Cicero,
1347 1609 1540 1674 Unum,

295 1762 358 1803 59.
389 1754 466 1792 cu'm
487 1760 613 1793 variet.
654 1758 780 1793 Guelf.
803 1767 878 1793 cum
897 1772 929 1793 v.
947 1770 1033 1792 cum
1046 1758 1150 1794 Voss‘.
1166 1766 1200 1792 2.
1221 1758 1284 1801 (an
1306 1765 1342 1801 3,
1366 1757 1430 1793 vel
1447 1769 1463 1791 ι
1478 1756 1518 1802 ’2)

213 1810 262 1846 cf.
282 1811 319 1851 6,
346 1825 378 1851 1,
404 1818 467 1854 47.
683 1813 842 1861 prosunt.
901 1813 1030 1848 Turic.
1063 1812 1164 1848 Flor.
1199 1812 1289 1856 (hic
1320 1813 1476 1860 quidem
1499 1826 1519 1847 a

210 1878 271 1914 pr.
297 1868 438 1910 manu)
467 1864 613 1914 poffunc
636 1880 722 1902 cum
744 1869 844 1903 Alm.

299 1921 362 1956 60.
396 1923 593 1956 introduxi.
641 1924 702 1957 Sic
722 1925 852 1958 Tua-ic.
871 1923 972 1958 Flor.
995 1921 1120 1957 Guelf.
1141 1923 1270 1970 Camp.
1285 1922 1400 1958 Goth.
1420 1923 1518 1960 Jens.

214 1977 310 2021 (tac.
334 1976 468 2020 Gesn.)
500 1989 587 2011 cum
619 1977 702 2014 edd.
724 1990 807 2013 ante
829 1981 958 2013 Burm.
981 1991 1058 2011 exe.
1082 1977 1210 2024 Steph.
1246 1977 1403 2024 Reliqui
1431 1990 1538 2014 cum.

214 2030 399 2066 Cicerone
429 2033 566 2068 induxi.
773 2036 951 2074 invenire,
982 2041 1020 2067 ut
1045 2035 1109 2068 ait.
1167 2032 1228 2066 Sic
1257 2033 1386 2068 Turio.
1406 2032 1518 2086 xFlor-

214 2085 340 2121 Guelf.
369 2087 498 2134 Camp.
523 2101 610 2122 cum
632 2090 743 2125 Bern.
787 2091 858 2125 Sed
879 2089 982 2129 Voss'.
1012 2102 1044 2124 1.
1069 2096 1105 2131 3.
1133 2087 1277 2122 omittit
1297 2089 1362 2124 ait.
1403 2087 1518 2123 Goth.
1546 2122 1549 2126 ,

216 2206 360 2243 Omnes
393 2209 494 2243 enim
526 2208 591 2244 hic
631 2209 838 2258 nesciebam.
953 2210 1015 2246 60.
1049 2208 1148 2258 quasi
1175 2210 1411 2257 poenitentia.
1460 2210 1520 2244 An

214 2263 387 2297 Dicebam
417 2265 497 2298 hab.
527 2265 663 2299 Divin.
688 2266 729 2300 in
753 2267 840 2302 Cae·
896 2265 1041 2299 excidit
1079 2275 1162 2299 ante
1201 2262 1299 2313 quast
1342 2269 1519 2311 graeciufi

216 2317 279 2352 cil.
313 2331 343 2352 c.
369 2329 405 2355 2.
442 2332 509 2365 pro
548 2321 673 2357 Coelio
712 2334 742 2355 c.
777 2329 836 2363 15.
895 2319 1092 2363 μετάνοιαῖ)
1133 2320 1178 2354 ef.
1203 2318 1324 2354 Rutu.
1357 2320 1457 2366 Lup.
1479 2332 1518 2367 p·

214 2373 430 2420 Imprudens
452 2374 562 2408 incidi
583 2376 690 2410 Verr.
716 2386 750 2418 4,
774 2385 838 2410 20.
894 2374 1049 2410 Ruhnk.
1076 2382 1137 2418 55.

215 2428 287 2462 Sed
313 2428 493 2475 postremi
522 2442 623 2464 nuuc
650 2431 730 2464 [aue
760 2443 839 2465 non

213 2483 391 2518 meminit
413 2484 507 2529 Qu.;
549 2486 648 2532 quasi
677 2498 768 2520 vero
801 2497 838 2531 9,
952 2494 987 2519 et
1033 2498 1112 2519 cum
1169 2484 1299 2519 ibidem
1350 2484 1517 2521 invenire,

213 2546 249 2580 5,
277 2550 334 2584 ¹9·
357 2538 401 2572 ad
430 2537 668 2584 infirmiorem
691 2553 839 2574 memor
895 2541 1074 2576 subaudi:
1130 2552 1236 2580 „nos
1293 2537 1518 2586 fingimus.“

210 2592 338 2627 fuiss'et
368 2594 495 2628 versus
533 2595 737 2629 Horatiani
765 2598 836 2630 Sat.
894 2595 1059 2642 Respicit
1071 2594 1172 2629 enim
1188 2595 1343 2629 invenire
1356 2593 1401 2626 ad
1413 2591 1518 2640 prins

215 2660 250 2687 ι,
282 2661 318 2694 9,
351 2658 415 2691 71.
455 2649 562 2689 ..sum
591 2649 706 2697 paulo
735 2649 838 2698 infir·
894 2664 1075 2699 quaerere.
1136 2650 1312 2686 Ceterum
1353 2644 1398 2684 cf.
1437 2658 1515 2682 not.

208 2704 368 2743 ,,ιιιι“οι·.“
843 2731 845 2734 .
895 2706 985 2743 crit..
1254 2713 1256 2716 ’
