<?xml version="1.0" encoding="UTF-8"?>
<!DOCTYPE html PUBLIC "-//W3C//DTD XHTML 1.0 Transitional//EN"
    "http://www.w3.org/TR/xhtml1/DTD/xhtml1-transitional.dtd">
<html xmlns="http://www.w3.org/1999/xhtml" xml:lang="en" lang="en">
 <head>
  <title>
</title>
<meta http-equiv="Content-Type" content="text/html;charset=utf-8" />
  <meta name='ocr-system' content='tesseract 3.04.00' />
  <meta name='ocr-capabilities' content='ocr_page ocr_carea ocr_par ocr_line ocrx_word'/>
</head>
<body>
  <div class='ocr_page' id='page_1' title='image "./lexiconquintilia03bonnuoft_0159.png"; bbox 0 0 1586 2990; ppageno 0'>
   <div class='ocr_carea' id='block_1_1' title="bbox 309 207 1402 268">
    <p class='ocr_par' dir='ltr' id='par_1_1' title="bbox 309 207 1402 268">
     <span class='ocr_line' id='line_1_1' title="bbox 309 207 1402 268; baseline -0.006 -7"><span class='ocrx_word' id='word_1_1' title='bbox 309 213 473 261; x_wconf 64' lang='lat' dir='ltr'>mssr.</span> <span class='ocrx_word' id='word_1_2' title='bbox 518 209 794 260; x_wconf 62' lang='lat' dir='ltr'><strong>onnon.</strong></span> <span class='ocrx_word' id='word_1_3' title='bbox 836 207 957 254; x_wconf 76' lang='lat' dir='ltr'>Lm.</span> <span class='ocrx_word' id='word_1_4' title='bbox 993 208 1100 265; x_wconf 79' lang='lat' dir='ltr'>vn,</span> <span class='ocrx_word' id='word_1_5' title='bbox 1138 209 1183 255; x_wconf 89' lang='lat'>6.</span> <span class='ocrx_word' id='word_1_6' title='bbox 1309 218 1402 268; x_wconf 66' lang='lat'>141</span> 
     </span>
    </p>
   </div>
   <div class='ocr_carea' id='block_1_2' title="bbox 75 331 1460 1558">
    <p class='ocr_par' dir='ltr' id='par_1_2' title="bbox 75 331 1460 1558">
     <span class='ocr_line' id='line_1_2' title="bbox 79 331 1409 412; baseline -0.005 -20"><span class='ocrx_word' id='word_1_7' title='bbox 79 344 316 392; x_wconf 77' lang='lat' dir='ltr'>cionetur.</span> <span class='ocrx_word' id='word_1_8' title='bbox 388 338 539 412; x_wconf 68' lang='lat' dir='ltr'>Quae</span> <span class='ocrx_word' id='word_1_9' title='bbox 554 334 731 409; x_wconf 82' lang='lat' dir='ltr'><em>filium</em></span> <span class='ocrx_word' id='word_1_10' title='bbox 754 331 992 394; x_wconf 75' lang='lat' dir='ltr'>habebat,</span> <span class='ocrx_word' id='word_1_11' title='bbox 1023 332 1271 406; x_wconf 79' lang='lat' dir='ltr'>prostare</span> <span class='ocrx_word' id='word_1_12' title='bbox 1299 345 1409 386; x_wconf 81' lang='lat' dir='ltr'>coe-</span> 
     </span>
     <span class='ocr_line' id='line_1_3' title="bbox 75 409 1410 486; baseline -0.005 -18"><span class='ocrx_word' id='word_1_13' title='bbox 75 422 170 486; x_wconf 82' lang='lat' dir='ltr'>pic.</span> <span class='ocrx_word' id='word_1_14' title='bbox 228 415 538 469; x_wconf 73' lang='lat' dir='ltr'>Prohibetur</span> <span class='ocrx_word' id='word_1_15' title='bbox 561 409 848 485; x_wconf 82' lang='lat' dir='ltr'><em>adolescens</em></span> <span class='ocrx_word' id='word_1_16' title='bbox 877 415 1119 464; x_wconf 80' lang='lat' dir='ltr'><em>concione.</em></span> <span class='ocrx_word' id='word_1_17' title='bbox 1169 415 1312 463; x_wconf 82' lang='lat' dir='ltr'>Nam</span> <span class='ocrx_word' id='word_1_18' title='bbox 1341 413 1410 463; x_wconf 82' lang='lat' dir='ltr'>de</span> 
     </span>
     <span class='ocr_line' id='line_1_4' title="bbox 80 489 1411 560; baseline -0.006 -14"><span class='ocrx_word' id='word_1_19' title='bbox 80 500 211 560; x_wconf 77' lang='lat' dir='ltr'>ejus·</span> <span class='ocrx_word' id='word_1_20' title='bbox 231 493 374 553; x_wconf 88' lang='lat' dir='ltr'>filio,</span> <span class='ocrx_word' id='word_1_21' title='bbox 422 509 574 559; x_wconf 85' lang='lat' dir='ltr'>quae·</span> <span class='ocrx_word' id='word_1_22' title='bbox 601 501 720 542; x_wconf 80' lang='lat' dir='ltr'>ante</span> <span class='ocrx_word' id='word_1_23' title='bbox 754 502 964 558; x_wconf 86' lang='lat' dir='ltr'><strong>partum</strong></span> <span class='ocrx_word' id='word_1_24' title='bbox 999 491 1247 541; x_wconf 84' lang='lat' dir='ltr'><strong>meretrix</strong></span> <span class='ocrx_word' id='word_1_25' title='bbox 1286 489 1411 550; x_wconf 82' lang='lat' dir='ltr'>fuit,</span> 
     </span>
     <span class='ocr_line' id='line_1_5' title="bbox 85 566 1411 632; baseline -0.006 -9"><span class='ocrx_word' id='word_1_26' title='bbox 85 582 288 623; x_wconf 82' lang='lat' dir='ltr'>certum</span> <span class='ocrx_word' id='word_1_27' title='bbox 320 570 423 620; x_wconf 88' lang='lat' dir='ltr'>est:</span> <span class='ocrx_word' id='word_1_28' title='bbox 480 587 547 619; x_wconf 86' lang='lat' dir='ltr'>an</span> <span class='ocrx_word' id='word_1_29' title='bbox 579 567 762 618; x_wconf 86' lang='lat' dir='ltr'>eadem</span> <span class='ocrx_word' id='word_1_30' title='bbox 793 568 957 632; x_wconf 86' lang='lat' dir='ltr'><strong>hujus</strong></span> <span class='ocrx_word' id='word_1_31' title='bbox 994 566 1143 618; x_wconf 79' lang='lat' dir='ltr'>causa</span> <span class='ocrx_word' id='word_1_32' title='bbox 1180 567 1266 625; x_wconf 84' lang='lat' dir='ltr'>fit,</span> <span class='ocrx_word' id='word_1_33' title='bbox 1309 567 1411 616; x_wconf 83' lang='lat' dir='ltr'><strong>du.-</strong></span> 
     </span>
     <span class='ocr_line' id='line_1_6' title="bbox 81 645 1414 713; baseline -0.005 -14"><span class='ocrx_word' id='word_1_34' title='bbox 81 649 235 703; x_wconf 83' lang='lat' dir='ltr'>bium</span> <span class='ocrx_word' id='word_1_35' title='bbox 256 647 354 698; x_wconf 88' lang='lat' dir='ltr'>est:</span> <span class='ocrx_word' id='word_1_36' title='bbox 394 648 519 713; x_wconf 84' lang='lat' dir='ltr'>quia</span> <span class='ocrx_word' id='word_1_37' title='bbox 541 663 604 695; x_wconf 81' lang='lat' dir='ltr'>ex</span> <span class='ocrx_word' id='word_1_38' title='bbox 623 646 720 696; x_wconf 87' lang='lat' dir='ltr'>hac</span> <span class='ocrx_word' id='word_1_39' title='bbox 740 656 913 704; x_wconf 81' lang='lat' dir='ltr'>natus,</span> <span class='ocrx_word' id='word_1_40' title='bbox 947 645 1143 695; x_wconf 80' lang='lat' dir='ltr'>ethaeo</span> <span class='ocrx_word' id='word_1_41' title='bbox 1161 646 1414 694; x_wconf 80' lang='lat' dir='ltr'>meretrix</span> 
     </span>
     <span class='ocr_line' id='line_1_7' title="bbox 81 720 1451 789; baseline -0.005 -12"><span class='ocrx_word' id='word_1_42' title='bbox 81 725 171 776; x_wconf 74' lang='lat' dir='ltr'>est.</span> <span class='ocrx_word' id='word_1_43' title='bbox 218 726 362 777; x_wconf 88' lang='lat' dir='ltr'>Solet</span> <span class='ocrx_word' id='word_1_44' title='bbox 375 735 427 774; x_wconf 87' lang='lat' dir='ltr'>et</span> <span class='ocrx_word' id='word_1_45' title='bbox 445 723 585 774; x_wconf 83' lang='lat' dir='ltr'>illud</span> <span class='ocrx_word' id='word_1_46' title='bbox 607 723 808 789; x_wconf 81' lang='lat' dir='ltr'>quaeri,</span> <span class='ocrx_word' id='word_1_47' title='bbox 837 740 943 788; x_wconf 90' lang='lat' dir='ltr'>quo</span> <span class='ocrx_word' id='word_1_48' title='bbox 963 721 1238 781; x_wconf 83' lang='lat' dir='ltr'>referatur,</span> <span class='ocrx_word' id='word_1_49' title='bbox 1264 720 1451 787; x_wconf 82' lang='lat' dir='ltr'>quod4</span> 
     </span>
     <span class='ocr_line' id='line_1_8' title="bbox 82 791 1417 871; baseline -0.004 -20"><span class='ocrx_word' id='word_1_50' title='bbox 82 800 337 870; x_wconf 76' lang='lat' dir='ltr'>scriptum</span> <span class='ocrx_word' id='word_1_51' title='bbox 355 800 444 861; x_wconf 83' lang='lat' dir='ltr'>est,</span> <span class='ocrx_word' id='word_1_52' title='bbox 475 803 565 851; x_wconf 79' lang='lat' dir='ltr'>Bis</span> <span class='ocrx_word' id='word_1_53' title='bbox 592 801 656 850; x_wconf 75' lang='lat' dir='ltr'>de</span> <span class='ocrx_word' id='word_1_54' title='bbox 680 801 857 849; x_wconf 80' lang='lat' dir='ltr'>eadem</span> <span class='ocrx_word' id='word_1_55' title='bbox 881 816 937 848; x_wconf 83' lang='lat' dir='ltr'>re</span> <span class='ocrx_word' id='word_1_56' title='bbox 950 796 1029 871; x_wconf 76' lang='lat' dir='ltr'>fic</span> <span class='ocrx_word' id='word_1_57' title='bbox 1051 791 1208 849; x_wconf 70' lang='lat' dir='ltr'>aecio.-</span> <span class='ocrx_word' id='word_1_58' title='bbox 1246 799 1305 847; x_wconf 82' lang='lat' dir='ltr'>id</span> <span class='ocrx_word' id='word_1_59' title='bbox 1327 797 1417 856; x_wconf 85' lang='lat' dir='ltr'>est,</span> 
     </span>
     <span class='ocr_line' id='line_1_9' title="bbox 83 876 1418 936; baseline -0.004 -8"><span class='ocrx_word' id='word_1_60' title='bbox 83 879 190 930; x_wconf 77' lang='lat' dir='ltr'>hoc</span> <span class='ocrx_word' id='word_1_61' title='bbox 221 876 296 928; x_wconf 62' lang='lat' dir='ltr'>bis</span> <span class='ocrx_word' id='word_1_62' title='bbox 325 877 393 928; x_wconf 83' lang='lat' dir='ltr'>ad.</span> <span class='ocrx_word' id='word_1_63' title='bbox 423 889 680 936; x_wconf 86' lang='lat' dir='ltr'>actorem,</span> <span class='ocrx_word' id='word_1_64' title='bbox 720 894 785 925; x_wconf 86' lang='lat' dir='ltr'>an</span> <span class='ocrx_word' id='word_1_65' title='bbox 823 876 888 926; x_wconf 83' lang='lat' dir='ltr'>ad</span> <span class='ocrx_word' id='word_1_66' title='bbox 921 877 1216 926; x_wconf 69' lang='lat' dir='ltr'>actionem?</span> <span class='ocrx_word' id='word_1_67' title='bbox 1274 879 1418 924; x_wconf 77' lang='lat' dir='ltr'>Haec</span> 
     </span>
     <span class='ocr_line' id='line_1_10' title="bbox 88 951 1422 1018; baseline -0.005 -12"><span class='ocrx_word' id='word_1_68' title='bbox 88 973 152 1006; x_wconf 81' lang='lat' dir='ltr'>ex</span> <span class='ocrx_word' id='word_1_69' title='bbox 174 959 291 1018; x_wconf 81' lang='lat' dir='ltr'>jure</span> <span class='ocrx_word' id='word_1_70' title='bbox 319 953 556 1006; x_wconf 83' lang='lat' dir='ltr'>obscuro.</span> <span class='ocrx_word' id='word_1_71' title='bbox 617 955 856 1004; x_wconf 80' lang='lat' dir='ltr'>Alterum</span> <span class='ocrx_word' id='word_1_72' title='bbox 880 970 1048 1018; x_wconf 85' lang='lat' dir='ltr'>genus</span> <span class='ocrx_word' id='word_1_73' title='bbox 1070 951 1142 1001; x_wconf 84' lang='lat' dir='ltr'>est</span> <span class='ocrx_word' id='word_1_74' title='bbox 1169 969 1231 1001; x_wconf 87' lang='lat' dir='ltr'>ex</span> <span class='ocrx_word' id='word_1_75' title='bbox 1251 953 1422 1001; x_wconf 84' lang='lat' dir='ltr'>mani-</span> 
     </span>
     <span class='ocr_line' id='line_1_11' title="bbox 87 1026 1421 1098; baseline -0.004 -16"><span class='ocrx_word' id='word_1_76' title='bbox 87 1031 244 1082; x_wconf 82' lang='lat' dir='ltr'>festo:</span> <span class='ocrx_word' id='word_1_77' title='bbox 281 1031 434 1098; x_wconf 85' lang='lat' dir='ltr'>quod</span> <span class='ocrx_word' id='word_1_78' title='bbox 449 1033 545 1098; x_wconf 85' lang='lat' dir='ltr'>qui</span> <span class='ocrx_word' id='word_1_79' title='bbox 563 1029 737 1081; x_wconf 81' lang='lat' dir='ltr'>solum</span> <span class='ocrx_word' id='word_1_80' title='bbox 754 1029 1023 1087; x_wconf 83' lang='lat' dir='ltr'>viderunt,</span> <span class='ocrx_word' id='word_1_81' title='bbox 1052 1030 1199 1078; x_wconf 88' lang='lat' dir='ltr'><strong>hunc</strong></span> <span class='ocrx_word' id='word_1_82' title='bbox 1216 1026 1421 1098; x_wconf 75' lang='lat' dir='ltr'><em>statum</em></span> 
     </span>
     <span class='ocr_line' id='line_1_12' title="bbox 85 1100 1421 1175; baseline -0.004 -16"><span class='ocrx_word' id='word_1_83' title='bbox 85 1109 233 1175; x_wconf 83' lang='lat' dir='ltr'><em>plani</em></span> <span class='ocrx_word' id='word_1_84' title='bbox 261 1120 312 1157; x_wconf 82' lang='lat' dir='ltr'>ec</span> <span class='ocrx_word' id='word_1_85' title='bbox 337 1105 617 1158; x_wconf 76' lang='lat' dir='ltr'>voluntatis</span> <span class='ocrx_word' id='word_1_86' title='bbox 646 1100 990 1173; x_wconf 69' lang='lat' dir='ltr'>appellarunt.</span> <span class='ocrx_word' id='word_1_87' title='bbox 1046 1109 1108 1156; x_wconf 90' lang='lat' dir='ltr'>In</span> <span class='ocrx_word' id='word_1_88' title='bbox 1130 1106 1234 1156; x_wconf 89' lang='grc' dir='ltr'>11οο</span> <span class='ocrx_word' id='word_1_89' title='bbox 1259 1107 1421 1155; x_wconf 78' lang='lat' dir='ltr'>altera</span> 
     </span>
     <span class='ocr_line' id='line_1_13' title="bbox 88 1181 1460 1252; baseline -0.003 -17"><span class='ocrx_word' id='word_1_90' title='bbox 88 1199 209 1252; x_wconf 80' lang='lat' dir='ltr'>pars</span> <span class='ocrx_word' id='word_1_91' title='bbox 239 1185 432 1252; x_wconf 82' lang='lat' dir='ltr'>scripto</span> <span class='ocrx_word' id='word_1_92' title='bbox 473 1186 694 1243; x_wconf 84' lang='lat' dir='ltr'>nititur,</span> <span class='ocrx_word' id='word_1_93' title='bbox 745 1185 904 1232; x_wconf 84' lang='lat' dir='ltr'>altera</span> <span class='ocrx_word' id='word_1_94' title='bbox 947 1183 1240 1234; x_wconf 86' lang='lat' dir='ltr'>voluntate.</span> <span class='ocrx_word' id='word_1_95' title='bbox 1320 1181 1460 1237; x_wconf 84' lang='lat' dir='ltr'>Sed5</span> 
     </span>
     <span class='ocr_line' id='line_1_14' title="bbox 91 1261 1424 1328; baseline -0.002 -17"><span class='ocrx_word' id='word_1_96' title='bbox 91 1273 270 1315; x_wconf 82' lang='lat' dir='ltr'>contra</span> <span class='ocrx_word' id='word_1_97' title='bbox 299 1261 552 1328; x_wconf 83' lang='lat' dir='ltr'>scriptum</span> <span class='ocrx_word' id='word_1_98' title='bbox 578 1261 750 1311; x_wconf 75' lang='lat' dir='ltr'>tribus</span> <span class='ocrx_word' id='word_1_99' title='bbox 782 1261 1078 1327; x_wconf 73' lang='lat' dir='ltr'>&#39;generibus</span> <span class='ocrx_word' id='word_1_100' title='bbox 1110 1261 1424 1311; x_wconf 85' lang='lat' dir='ltr'>occurritur.</span> 
     </span>
     <span class='ocr_line' id='line_1_15' title="bbox 90 1334 1425 1404; baseline -0.003 -16"><span class='ocrx_word' id='word_1_101' title='bbox 90 1341 276 1388; x_wconf 86' lang='lat' dir='ltr'><strong>Unum</strong></span> <span class='ocrx_word' id='word_1_102' title='bbox 296 1338 383 1397; x_wconf 80' lang='lat' dir='ltr'>est,</span> <span class='ocrx_word' id='word_1_103' title='bbox 409 1341 468 1388; x_wconf 90' lang='lat' dir='ltr'>in</span> <span class='ocrx_word' id='word_1_104' title='bbox 489 1356 598 1404; x_wconf 88' lang='lat' dir='ltr'>quo</span> <span class='ocrx_word' id='word_1_105' title='bbox 619 1337 824 1404; x_wconf 80' lang='lat' dir='ltr'>semper</span> <span class='ocrx_word' id='word_1_106' title='bbox 845 1337 903 1387; x_wconf 84' lang='lat' dir='ltr'>id.</span> <span class='ocrx_word' id='word_1_107' title='bbox 926 1336 1123 1386; x_wconf 80' lang='lat' dir='ltr'>servari</span> <span class='ocrx_word' id='word_1_108' title='bbox 1149 1356 1261 1388; x_wconf 87' lang='lat' dir='ltr'>non</span> <span class='ocrx_word' id='word_1_109' title='bbox 1280 1334 1425 1404; x_wconf 71' lang='lat' dir='ltr'>posse</span> 
     </span>
     <span class='ocr_line' id='line_1_16' title="bbox 94 1412 1428 1482; baseline -0.001 -18"><span class='ocrx_word' id='word_1_110' title='bbox 94 1433 159 1464; x_wconf 86' lang='lat' dir='ltr'>ex</span> <span class='ocrx_word' id='word_1_111' title='bbox 177 1414 293 1482; x_wconf 77' lang='lat' dir='ltr'>ipso</span> <span class='ocrx_word' id='word_1_112' title='bbox 315 1425 468 1481; x_wconf 85' lang='lat' dir='ltr'>patet.</span> <span class='ocrx_word' id='word_1_113' title='bbox 521 1412 701 1464; x_wconf 81' lang='lat' dir='ltr'><em>Liberi</em></span> <span class='ocrx_word' id='word_1_114' title='bbox 724 1426 966 1478; x_wconf 75' lang='lat' dir='ltr'>parentes</span> <span class='ocrx_word' id='word_1_115' title='bbox 990 1415 1158 1474; x_wconf 74' lang='lat' dir='ltr'><em>alant,</em></span> <span class='ocrx_word' id='word_1_116' title='bbox 1197 1425 1290 1464; x_wconf 81' lang='lat' dir='ltr'>auc</span> <span class='ocrx_word' id='word_1_117' title='bbox 1311 1417 1428 1463; x_wconf 73' lang='lat' dir='ltr'>vin-</span> 
     </span>
     <span class='ocr_line' id='line_1_17' title="bbox 96 1490 1429 1558; baseline 0 -19"><span class='ocrx_word' id='word_1_118' title='bbox 96 1495 321 1543; x_wconf 78' lang='lat' dir='ltr'><em>ciantur.-</em></span> <span class='ocrx_word' id='word_1_119' title='bbox 368 1509 481 1541; x_wconf 88' lang='lat' dir='ltr'>non</span> <span class='ocrx_word' id='word_1_120' title='bbox 512 1492 657 1540; x_wconf 87' lang='lat' dir='ltr'>enim</span> <span class='ocrx_word' id='word_1_121' title='bbox 691 1491 994 1558; x_wconf 83' lang='lat' dir='ltr'>alligabitur</span> <span class='ocrx_word' id='word_1_122' title='bbox 1022 1490 1212 1542; x_wconf 82' lang='lat' dir='ltr'>infans.</span> <span class='ocrx_word' id='word_1_123' title='bbox 1286 1491 1429 1541; x_wconf 86' lang='lat' dir='ltr'>Hinc</span> 
     </span>
    </p>
   </div>
   <div class='ocr_carea' id='block_1_3' title="bbox 184 1646 1430 1755">
    <p class='ocr_par' dir='ltr' id='par_1_3' title="bbox 184 1646 1430 1755">
     <span class='ocr_line' id='line_1_18' title="bbox 184 1646 1148 1699; baseline 0.003 -16"><span class='ocrx_word' id='word_1_124' title='bbox 184 1656 325 1684; x_wconf 72' lang='lat' dir='ltr'>mercer.</span> <span class='ocrx_word' id='word_1_125' title='bbox 352 1647 453 1695; x_wconf 82' lang='lat' dir='ltr'>fuit,</span> <span class='ocrx_word' id='word_1_126' title='bbox 486 1659 569 1687; x_wconf 78' lang='lat' dir='ltr'>cert.</span> <span class='ocrx_word' id='word_1_127' title='bbox 594 1647 654 1699; x_wconf 79' lang='lat' dir='ltr'>eft.</span> <span class='ocrx_word' id='word_1_128' title='bbox 705 1649 838 1686; x_wconf 80' lang='lat' dir='ltr'>Turio.</span> <span class='ocrx_word' id='word_1_129' title='bbox 869 1663 914 1691; x_wconf 82' lang='lat' dir='ltr'>m,</span> <span class='ocrx_word' id='word_1_130' title='bbox 938 1646 988 1698; x_wconf 77' lang='lat' dir='ltr'>est</span> <span class='ocrx_word' id='word_1_131' title='bbox 1011 1664 1038 1687; x_wconf 89' lang='lat' dir='ltr'>c.</span> <span class='ocrx_word' id='word_1_132' title='bbox 1055 1648 1148 1698; x_wconf 74' lang='lat' dir='ltr'>fuit-¹.</span> 
     </span>
     <span class='ocr_line' id='line_1_19' title="bbox 187 1705 1430 1755; baseline 0 -15"><span class='ocrx_word' id='word_1_133' title='bbox 187 1710 223 1748; x_wconf 82' lang='grc'><strong>4.</strong></span> <span class='ocrx_word' id='word_1_134' title='bbox 253 1707 399 1754; x_wconf 73' lang='lat' dir='ltr'>quaeri.</span> <span class='ocrx_word' id='word_1_135' title='bbox 451 1707 583 1742; x_wconf 77' lang='lat' dir='ltr'>Turic-</span> <span class='ocrx_word' id='word_1_136' title='bbox 614 1705 741 1743; x_wconf 83' lang='lat' dir='ltr'>Guelf.</span> <span class='ocrx_word' id='word_1_137' title='bbox 783 1707 981 1742; x_wconf 81' lang='lat' dir='ltr'>omittunt.</span> <span class='ocrx_word' id='word_1_138' title='bbox 1038 1707 1272 1755; x_wconf 72' lang='lat' dir='ltr'>Absorptum</span> <span class='ocrx_word' id='word_1_139' title='bbox 1306 1705 1382 1741; x_wconf 84' lang='lat' dir='ltr'>hoc</span> <span class='ocrx_word' id='word_1_140' title='bbox 1409 1719 1430 1740; x_wconf 80' lang='lat' dir='ltr'>a</span> 
     </span>
    </p>
   </div>
   <div class='ocr_carea' id='block_1_4' title="bbox 98 1762 1431 1811">
    <p class='ocr_par' dir='ltr' id='par_1_4' title="bbox 98 1762 1431 1811">
     <span class='ocr_line' id='line_1_20' title="bbox 98 1762 1431 1811; baseline 0.001 -15"><span class='ocrx_word' id='word_1_141' title='bbox 98 1773 171 1811; x_wconf 69' lang='lat' dir='ltr'>quo</span> <span class='ocrx_word' id='word_1_142' title='bbox 199 1774 249 1798; x_wconf 60' lang='lat' dir='ltr'>res</span> <span class='ocrx_word' id='word_1_143' title='bbox 434 1776 483 1798; x_wconf 82' lang='lat' dir='ltr'>an</span> <span class='ocrx_word' id='word_1_144' title='bbox 505 1764 555 1798; x_wconf 82' lang='lat' dir='ltr'>ad</span> <span class='ocrx_word' id='word_1_145' title='bbox 575 1773 646 1800; x_wconf 78' lang='lat' dir='ltr'><strong><em>act.</em></strong></span> <span class='ocrx_word' id='word_1_146' title='bbox 700 1763 832 1799; x_wconf 77' lang='lat' dir='ltr'>Turio.</span> <span class='ocrx_word' id='word_1_147' title='bbox 858 1762 1008 1798; x_wconf 68' lang='lat' dir='ltr'>omittit</span> <span class='ocrx_word' id='word_1_148' title='bbox 1034 1763 1084 1798; x_wconf 81' lang='lat' dir='ltr'>ad</span> <span class='ocrx_word' id='word_1_149' title='bbox 1112 1775 1201 1798; x_wconf 89' lang='lat' dir='ltr'>cum</span> <span class='ocrx_word' id='word_1_150' title='bbox 1221 1762 1323 1799; x_wconf 80' lang='lat' dir='ltr'>Alm.</span> <span class='ocrx_word' id='word_1_151' title='bbox 1357 1765 1431 1807; x_wconf 87' lang='lat' dir='ltr'>(ut</span> 
     </span>
    </p>
   </div>
   <div class='ocr_carea' id='block_1_5' title="bbox 95 1818 1438 2317">
    <p class='ocr_par' dir='ltr' id='par_1_5' title="bbox 97 1818 1435 2092">
     <span class='ocr_line' id='line_1_21' title="bbox 100 1818 1430 1867; baseline 0.001 -14"><span class='ocrx_word' id='word_1_152' title='bbox 100 1827 139 1853; x_wconf 81' lang='lat' dir='ltr'>et</span> <span class='ocrx_word' id='word_1_153' title='bbox 158 1829 254 1853; x_wconf 87' lang='lat' dir='ltr'>mox</span> <span class='ocrx_word' id='word_1_154' title='bbox 273 1830 305 1854; x_wconf 84' lang='lat' dir='ltr'>c.</span> <span class='ocrx_word' id='word_1_155' title='bbox 326 1826 364 1862; x_wconf 84' lang='lat'>7,</span> <span class='ocrx_word' id='word_1_156' title='bbox 387 1827 424 1863; x_wconf 84' lang='grc'><strong>7.</strong></span> <span class='ocrx_word' id='word_1_157' title='bbox 453 1818 514 1855; x_wconf 84' lang='lat' dir='ltr'>bis</span> <span class='ocrx_word' id='word_1_158' title='bbox 534 1833 625 1855; x_wconf 88' lang='lat' dir='ltr'>cum</span> <span class='ocrx_word' id='word_1_159' title='bbox 642 1818 801 1863; x_wconf 83' lang='lat' dir='ltr'>Guelf.)</span> <span class='ocrx_word' id='word_1_160' title='bbox 839 1821 972 1854; x_wconf 84' lang='lat' dir='ltr'>Burm.</span> <span class='ocrx_word' id='word_1_161' title='bbox 991 1818 1149 1867; x_wconf 56' lang='lat' dir='ltr'>‘ablegat</span> <span class='ocrx_word' id='word_1_162' title='bbox 1169 1819 1216 1854; x_wconf 86' lang='lat' dir='ltr'>ad</span> <span class='ocrx_word' id='word_1_163' title='bbox 1240 1819 1275 1859; x_wconf 89' lang='lat'>6,</span> <span class='ocrx_word' id='word_1_164' title='bbox 1300 1828 1336 1863; x_wconf 77' lang='grc'>5,</span> <span class='ocrx_word' id='word_1_165' title='bbox 1363 1833 1430 1854; x_wconf 82' lang='grc'>11.</span> 
     </span>
     <span class='ocr_line' id='line_1_22' title="bbox 97 1872 1434 1925; baseline 0 -16"><span class='ocrx_word' id='word_1_166' title='bbox 97 1884 200 1910; x_wconf 76' lang='lat' dir='ltr'>reete</span> <span class='ocrx_word' id='word_1_167' title='bbox 225 1872 308 1910; x_wconf 76' lang='lat' dir='ltr'>ille.</span> <span class='ocrx_word' id='word_1_168' title='bbox 529 1876 628 1924; x_wconf 74' lang='lat' dir='ltr'><strong><em>quod</em></strong></span> <span class='ocrx_word' id='word_1_169' title='bbox 656 1878 729 1925; x_wconf 81' lang='lat' dir='ltr'>qui.</span> <span class='ocrx_word' id='word_1_170' title='bbox 781 1875 914 1911; x_wconf 79' lang='lat' dir='ltr'>Turio.</span> <span class='ocrx_word' id='word_1_171' title='bbox 941 1877 1004 1925; x_wconf 86' lang='lat' dir='ltr'>qui</span> <span class='ocrx_word' id='word_1_172' title='bbox 1024 1876 1194 1916; x_wconf 86' lang='lat' dir='ltr'>omittit,</span> <span class='ocrx_word' id='word_1_173' title='bbox 1226 1889 1246 1910; x_wconf 75' lang='lat' dir='ltr'><strong>a</strong></span> <span class='ocrx_word' id='word_1_174' title='bbox 1269 1874 1434 1911; x_wconf 83' lang='lat' dir='ltr'>secunda</span> 
     </span>
     <span class='ocr_line' id='line_1_23' title="bbox 99 1931 1435 1981; baseline 0.001 -16"><span class='ocrx_word' id='word_1_175' title='bbox 99 1940 228 1966; x_wconf 80' lang='lat' dir='ltr'>autem</span> <span class='ocrx_word' id='word_1_176' title='bbox 246 1943 365 1966; x_wconf 83' lang='lat' dir='ltr'><strong>manu</strong></span> <span class='ocrx_word' id='word_1_177' title='bbox 388 1931 486 1981; x_wconf 80' lang='lat' dir='ltr'><strong><em>quod</em></strong></span> <span class='ocrx_word' id='word_1_178' title='bbox 517 1943 555 1968; x_wconf 85' lang='lat' dir='ltr'>et</span> <span class='ocrx_word' id='word_1_179' title='bbox 574 1934 622 1968; x_wconf 85' lang='lat' dir='ltr'>fic</span> <span class='ocrx_word' id='word_1_180' title='bbox 643 1931 771 1968; x_wconf 88' lang='lat' dir='ltr'>Guelf.</span> <span class='ocrx_word' id='word_1_181' title='bbox 798 1933 930 1980; x_wconf 77' lang='lat' dir='ltr'>Camp.</span> <span class='ocrx_word' id='word_1_182' title='bbox 954 1945 1041 1966; x_wconf 89' lang='lat' dir='ltr'>cum</span> <span class='ocrx_word' id='word_1_183' title='bbox 1063 1931 1212 1967; x_wconf 81' lang='lat' dir='ltr'>multis.</span> <span class='ocrx_word' id='word_1_184' title='bbox 1261 1934 1435 1980; x_wconf 79' lang='lat' dir='ltr'>Apparet</span> 
     </span>
     <span class='ocr_line' id='line_1_24' title="bbox 101 1986 1433 2037; baseline -0.001 -15"><span class='ocrx_word' id='word_1_185' title='bbox 101 1986 215 2035; x_wconf 79' lang='lat' dir='ltr'>origo</span> <span class='ocrx_word' id='word_1_186' title='bbox 243 1986 398 2024; x_wconf 73' lang='lat' dir='ltr'>erroris.</span> <span class='ocrx_word' id='word_1_187' title='bbox 583 1990 832 2037; x_wconf 80' lang='lat' dir='ltr'>appellarunt.</span> <span class='ocrx_word' id='word_1_188' title='bbox 893 1988 955 2022; x_wconf 81' lang='lat' dir='ltr'>Sic</span> <span class='ocrx_word' id='word_1_189' title='bbox 980 1988 1112 2024; x_wconf 77' lang='lat' dir='ltr'>Turio.</span> <span class='ocrx_word' id='word_1_190' title='bbox 1138 1986 1266 2024; x_wconf 84' lang='lat' dir='ltr'>Guelf.</span> <span class='ocrx_word' id='word_1_191' title='bbox 1297 1989 1433 2035; x_wconf 77' lang='lat' dir='ltr'>Gamp-</span> 
     </span>
     <span class='ocr_line' id='line_1_25' title="bbox 101 2041 1040 2092; baseline 0.002 -14"><span class='ocrx_word' id='word_1_192' title='bbox 101 2041 221 2080; x_wconf 76' lang='lat' dir='ltr'><strong>Goth.</strong></span> <span class='ocrx_word' id='word_1_193' title='bbox 251 2043 351 2087; x_wconf 71' lang='lat' dir='ltr'>(tac.</span> <span class='ocrx_word' id='word_1_194' title='bbox 373 2043 508 2089; x_wconf 82' lang='lat' dir='ltr'>Gesn.)</span> <span class='ocrx_word' id='word_1_195' title='bbox 552 2045 714 2092; x_wconf 79' lang='lat' dir='ltr'>Reliqui</span> <span class='ocrx_word' id='word_1_196' title='bbox 749 2043 1040 2092; x_wconf 78' lang='lat' dir='ltr'>appellaverunt.</span> 
     </span>
    </p>

    <p class='ocr_par' dir='ltr' id='par_1_6' title="bbox 95 2096 1438 2205">
     <span class='ocr_line' id='line_1_26' title="bbox 189 2096 1438 2148; baseline 0.001 -15"><span class='ocrx_word' id='word_1_197' title='bbox 189 2105 226 2143; x_wconf 75' lang='lat'>5.</span> <span class='ocrx_word' id='word_1_198' title='bbox 260 2096 406 2145; x_wconf 81' lang='lat' dir='ltr'>semper</span> <span class='ocrx_word' id='word_1_199' title='bbox 433 2100 472 2134; x_wconf 76' lang='lat' dir='ltr'>id</span> <span class='ocrx_word' id='word_1_200' title='bbox 492 2099 589 2148; x_wconf 80' lang='lat' dir='ltr'><em>serv.</em></span> <span class='ocrx_word' id='word_1_201' title='bbox 647 2101 710 2135; x_wconf 85' lang='lat' dir='ltr'>Sic</span> <span class='ocrx_word' id='word_1_202' title='bbox 739 2102 872 2148; x_wconf 66' lang='lat' dir='ltr'>Camp,</span> <span class='ocrx_word' id='word_1_203' title='bbox 910 2098 1072 2146; x_wconf 82' lang='lat' dir='ltr'>Reliqui</span> <span class='ocrx_word' id='word_1_204' title='bbox 1092 2099 1171 2134; x_wconf 81' lang='lat' dir='ltr'>fere</span> <span class='ocrx_word' id='word_1_205' title='bbox 1188 2098 1334 2147; x_wconf 80' lang='lat' dir='ltr'>semper</span> <span class='ocrx_word' id='word_1_206' title='bbox 1351 2098 1438 2148; x_wconf 79' lang='lat' dir='ltr'>post</span> 
     </span>
     <span class='ocr_line' id='line_1_27' title="bbox 95 2151 1236 2205; baseline 0 -15"><span class='ocrx_word' id='word_1_207' title='bbox 95 2151 194 2205; x_wconf 79' lang='lat' dir='ltr'><strong><em>serv.</em></strong></span> <span class='ocrx_word' id='word_1_208' title='bbox 222 2163 261 2189; x_wconf 87' lang='lat' dir='ltr'>et</span> <span class='ocrx_word' id='word_1_209' title='bbox 277 2153 447 2192; x_wconf 84' lang='lat' dir='ltr'>multum</span> <span class='ocrx_word' id='word_1_210' title='bbox 469 2154 657 2191; x_wconf 82' lang='lat' dir='ltr'>fluctuant</span> <span class='ocrx_word' id='word_1_211' title='bbox 683 2155 777 2191; x_wconf 72' lang='lat' dir='ltr'>libri</span> <span class='ocrx_word' id='word_1_212' title='bbox 801 2155 843 2190; x_wconf 88' lang='lat' dir='ltr'>in</span> <span class='ocrx_word' id='word_1_213' title='bbox 870 2153 1095 2190; x_wconf 82' lang='lat' dir='ltr'>ordinandis</span> <span class='ocrx_word' id='word_1_214' title='bbox 1116 2155 1236 2190; x_wconf 86' lang='lat' dir='ltr'>hisce.</span> 
     </span>
    </p>

    <p class='ocr_par' dir='ltr' id='par_1_7' title="bbox 106 2209 1438 2317">
     <span class='ocr_line' id='line_1_28' title="bbox 188 2209 1438 2259; baseline 0 -14"><span class='ocrx_word' id='word_1_215' title='bbox 188 2210 295 2246; x_wconf 79' lang='lat' dir='ltr'>Hinc.</span> <span class='ocrx_word' id='word_1_216' title='bbox 348 2210 479 2245; x_wconf 77' lang='lat' dir='ltr'>Turio.</span> <span class='ocrx_word' id='word_1_217' title='bbox 515 2211 643 2247; x_wconf 70' lang='lat' dir='ltr'>Guelf.</span> <span class='ocrx_word' id='word_1_218' title='bbox 676 2211 794 2247; x_wconf 84' lang='lat' dir='ltr'><strong>Goth.</strong></span> <span class='ocrx_word' id='word_1_219' title='bbox 825 2211 922 2249; x_wconf 84' lang='lat' dir='ltr'>Jens.</span> <span class='ocrx_word' id='word_1_220' title='bbox 961 2209 1056 2255; x_wconf 82' lang='lat' dir='ltr'>(tac.</span> <span class='ocrx_word' id='word_1_221' title='bbox 1091 2211 1230 2259; x_wconf 80' lang='lat' dir='ltr'>Gesn.)</span> <span class='ocrx_word' id='word_1_222' title='bbox 1261 2212 1317 2246; x_wconf 74' lang='lat' dir='ltr'>hic</span> <span class='ocrx_word' id='word_1_223' title='bbox 1346 2222 1438 2245; x_wconf 85' lang='lat' dir='ltr'>cum</span> 
     </span>
     <span class='ocr_line' id='line_1_29' title="bbox 106 2265 1437 2317; baseline -0.001 -15"><span class='ocrx_word' id='word_1_224' title='bbox 106 2265 191 2303; x_wconf 72' lang='lat' dir='ltr'>edd.</span> <span class='ocrx_word' id='word_1_225' title='bbox 219 2275 306 2307; x_wconf 79' lang='lat' dir='ltr'>ante</span> <span class='ocrx_word' id='word_1_226' title='bbox 327 2266 436 2301; x_wconf 80' lang='lat' dir='ltr'>Rure.</span> <span class='ocrx_word' id='word_1_227' title='bbox 465 2280 546 2304; x_wconf 85' lang='lat' dir='ltr'>exc.</span> <span class='ocrx_word' id='word_1_228' title='bbox 569 2268 701 2317; x_wconf 83' lang='lat' dir='ltr'><strong>Camp.</strong></span> <span class='ocrx_word' id='word_1_229' title='bbox 752 2267 971 2304; x_wconf 76' lang='lat' dir='ltr'>Lubricum</span> <span class='ocrx_word' id='word_1_230' title='bbox 994 2266 1059 2303; x_wconf 78' lang='grc'><strong>1110</strong></span> <span class='ocrx_word' id='word_1_231' title='bbox 1081 2266 1241 2316; x_wconf 82' lang='lat' dir='ltr'>quidem</span> <span class='ocrx_word' id='word_1_232' title='bbox 1269 2267 1316 2303; x_wconf 84' lang='lat' dir='ltr'>de</span> <span class='ocrx_word' id='word_1_233' title='bbox 1347 2266 1437 2302; x_wconf 84' lang='lat' dir='ltr'>scri·</span> 
     </span>
    </p>
   </div>
   <div class='ocr_carea' id='block_1_6' title="bbox 104 2322 718 2372">
    <p class='ocr_par' dir='ltr' id='par_1_8' title="bbox 104 2322 718 2372">
     <span class='ocr_line' id='line_1_30' title="bbox 104 2322 718 2372; baseline 0.005 -15"><span class='ocrx_word' id='word_1_234' title='bbox 104 2333 217 2372; x_wconf 65' lang='lat' dir='ltr'><strong>ptura</strong></span> <span class='ocrx_word' id='word_1_235' title='bbox 236 2322 442 2370; x_wconf 81' lang='lat' dir='ltr'>judicium.</span> <span class='ocrx_word' id='word_1_236' title='bbox 472 2323 518 2360; x_wconf 87' lang='lat' dir='ltr'>cf.</span> <span class='ocrx_word' id='word_1_237' title='bbox 543 2333 579 2369; x_wconf 85' lang='lat'>7,</span> <span class='ocrx_word' id='word_1_238' title='bbox 601 2333 637 2369; x_wconf 78' lang='lat'>4,</span> <span class='ocrx_word' id='word_1_239' title='bbox 651 2333 718 2369; x_wconf 76' lang='grc'><strong>57.</strong></span> 
     </span>
    </p>
   </div>
   <div class='ocr_carea' id='block_1_7' title="bbox 111 2435 1441 2821">
    <p class='ocr_par' dir='ltr' id='par_1_9' title="bbox 111 2435 1441 2821">
     <span class='ocr_line' id='line_1_31' title="bbox 166 2435 1438 2486; baseline -0.002 -15"><span class='ocrx_word' id='word_1_240' title='bbox 166 2441 202 2478; x_wconf 76' lang='grc'><strong>4.</strong></span> <span class='ocrx_word' id='word_1_241' title='bbox 242 2435 381 2470; x_wconf 78' lang='lat' dir='ltr'>Bis—</span> <span class='ocrx_word' id='word_1_242' title='bbox 404 2437 511 2474; x_wconf 81' lang='lat' dir='ltr'>actio.</span> <span class='ocrx_word' id='word_1_243' title='bbox 552 2438 598 2474; x_wconf 78' lang='lat' dir='ltr'>cf.</span> <span class='ocrx_word' id='word_1_244' title='bbox 628 2437 740 2475; x_wconf 86' lang='lat' dir='ltr'>Deel.</span> <span class='ocrx_word' id='word_1_245' title='bbox 799 2437 911 2473; x_wconf 85' lang='lat' dir='ltr'>status</span> <span class='ocrx_word' id='word_1_246' title='bbox 951 2437 998 2473; x_wconf 83' lang='lat' dir='ltr'>de</span> <span class='ocrx_word' id='word_1_247' title='bbox 1047 2450 1128 2486; x_wconf 89' lang='lat' dir='ltr'>quo</span> <span class='ocrx_word' id='word_1_248' title='bbox 1176 2435 1329 2483; x_wconf 83' lang='lat' dir='ltr'>agimus</span> <span class='ocrx_word' id='word_1_249' title='bbox 1376 2446 1438 2470; x_wconf 74' lang='lat' dir='ltr'>ex·</span> 
     </span>
     <span class='ocr_line' id='line_1_32' title="bbox 112 2490 1439 2543; baseline 0.001 -18"><span class='ocrx_word' id='word_1_250' title='bbox 112 2490 186 2538; x_wconf 82' lang='lat' dir='ltr'>Qu.</span> <span class='ocrx_word' id='word_1_251' title='bbox 208 2491 300 2527; x_wconf 85' lang='lat'><strong>266.</strong></span> <span class='ocrx_word' id='word_1_252' title='bbox 321 2505 359 2541; x_wconf 80' lang='lat' dir='ltr'>p.</span> <span class='ocrx_word' id='word_1_253' title='bbox 381 2498 446 2538; x_wconf 76' lang='lat'>80.</span> <span class='ocrx_word' id='word_1_254' title='bbox 795 2492 917 2543; x_wconf 78' lang='lat' dir='ltr'><strong><em>preffi‚</em></strong></span> <span class='ocrx_word' id='word_1_255' title='bbox 935 2494 1030 2540; x_wconf 51' lang='lat' dir='ltr'>ejus</span> <span class='ocrx_word' id='word_1_256' title='bbox 1053 2492 1160 2542; x_wconf 78' lang='lat' dir='ltr'>quod</span> <span class='ocrx_word' id='word_1_257' title='bbox 1181 2492 1330 2527; x_wconf 75' lang='lat' dir='ltr'>disertis</span> <span class='ocrx_word' id='word_1_258' title='bbox 1352 2503 1439 2526; x_wconf 81' lang='lat' dir='ltr'>ver-</span> 
     </span>
     <span class='ocr_line' id='line_1_33' title="bbox 803 2545 1440 2590; baseline -0.006 -4"><span class='ocrx_word' id='word_1_259' title='bbox 803 2551 862 2586; x_wconf 84' lang='lat' dir='ltr'>bis</span> <span class='ocrx_word' id='word_1_260' title='bbox 894 2549 1152 2590; x_wconf 78' lang='lat' dir='ltr'>declaramus,</span> <span class='ocrx_word' id='word_1_261' title='bbox 1185 2557 1222 2583; x_wconf 80' lang='lat' dir='ltr'>ec</span> <span class='ocrx_word' id='word_1_262' title='bbox 1255 2545 1440 2585; x_wconf 80' lang='lat' dir='ltr'>occultae,</span> 
     </span>
     <span class='ocr_line' id='line_1_34' title="bbox 166 2602 1441 2654; baseline 0.001 -17"><span class='ocrx_word' id='word_1_263' title='bbox 166 2602 284 2649; x_wconf 74' lang='lat' dir='ltr'><strong><em>plani.</em></strong></span> <span class='ocrx_word' id='word_1_264' title='bbox 333 2603 422 2650; x_wconf 83' lang='lat' dir='ltr'>Quo</span> <span class='ocrx_word' id='word_1_265' title='bbox 445 2604 548 2640; x_wconf 82' lang='lat' dir='ltr'>sensu</span> <span class='ocrx_word' id='word_1_266' title='bbox 576 2605 747 2642; x_wconf 82' lang='lat' dir='ltr'>dicimm:</span> <span class='ocrx_word' id='word_1_267' title='bbox 803 2620 898 2654; x_wconf 81' lang='lat' dir='ltr'>quae</span> <span class='ocrx_word' id='word_1_268' title='bbox 923 2606 990 2643; x_wconf 80' lang='lat' dir='ltr'>sub</span> <span class='ocrx_word' id='word_1_269' title='bbox 1013 2605 1144 2641; x_wconf 81' lang='lat' dir='ltr'>verbis</span> <span class='ocrx_word' id='word_1_270' title='bbox 1172 2602 1264 2639; x_wconf 80' lang='lat' dir='ltr'>latet</span> <span class='ocrx_word' id='word_1_271' title='bbox 1272 2629 1283 2645; x_wconf 85' lang='lat'>‚</span> <span class='ocrx_word' id='word_1_272' title='bbox 1312 2602 1441 2639; x_wconf 79' lang='lat' dir='ltr'><em>volun-</em></span> 
     </span>
     <span class='ocr_line' id='line_1_35' title="bbox 111 2657 903 2710; baseline 0.006 -18"><span class='ocrx_word' id='word_1_273' title='bbox 111 2657 264 2705; x_wconf 77' lang='lat' dir='ltr'><em>planum</em></span> <span class='ocrx_word' id='word_1_274' title='bbox 284 2657 432 2707; x_wconf 81' lang='lat' dir='ltr'>aliquid</span> <span class='ocrx_word' id='word_1_275' title='bbox 449 2660 600 2708; x_wconf 55' lang='lat' dir='ltr'>facere,</span> <span class='ocrx_word' id='word_1_276' title='bbox 639 2663 745 2710; x_wconf 84' lang='lat' dir='ltr'><strong>quod</strong></span> <span class='ocrx_word' id='word_1_277' title='bbox 804 2665 903 2697; x_wconf 78' lang='lat' dir='ltr'>tatis.</span> 
     </span>
     <span class='ocr_line' id='line_1_36' title="bbox 113 2714 1437 2768; baseline 0.002 -20"><span class='ocrx_word' id='word_1_278' title='bbox 113 2714 310 2751; x_wconf 79' lang='lat' dir='ltr'>manifesto</span> <span class='ocrx_word' id='word_1_279' title='bbox 360 2717 619 2759; x_wconf 80' lang='lat' dir='ltr'>ostendimus,</span> <span class='ocrx_word' id='word_1_280' title='bbox 678 2716 745 2754; x_wconf 83' lang='grc'><strong>1110</strong></span> <span class='ocrx_word' id='word_1_281' title='bbox 858 2726 894 2761; x_wconf 83' lang='grc'><strong>5.</strong></span> <span class='ocrx_word' id='word_1_282' title='bbox 931 2717 1063 2755; x_wconf 82' lang='lat' dir='ltr'>Liberi</span> <span class='ocrx_word' id='word_1_283' title='bbox 1108 2724 1279 2768; x_wconf 78' lang='lat' dir='ltr'>parentes</span> <span class='ocrx_word' id='word_1_284' title='bbox 1321 2715 1437 2751; x_wconf 72' lang='lat' dir='ltr'><strong><em>alant.</em></strong></span> 
     </span>
     <span class='ocr_line' id='line_1_37' title="bbox 115 2771 1052 2821; baseline 0.005 -15"><span class='ocrx_word' id='word_1_285' title='bbox 115 2783 271 2820; x_wconf 74' lang='lat' dir='ltr'>quoque</span> <span class='ocrx_word' id='word_1_286' title='bbox 326 2771 535 2821; x_wconf 71' lang='lat' dir='ltr'>appellatus</span> <span class='ocrx_word' id='word_1_287' title='bbox 589 2773 746 2811; x_wconf 73' lang='lat' dir='ltr'>videtur</span> <span class='ocrx_word' id='word_1_288' title='bbox 804 2774 850 2811; x_wconf 89' lang='lat' dir='ltr'>cf.</span> <span class='ocrx_word' id='word_1_289' title='bbox 874 2785 909 2819; x_wconf 91' lang='lat'>7,</span> <span class='ocrx_word' id='word_1_290' title='bbox 933 2789 966 2813; x_wconf 81' lang='grc' dir='ltr'>ι,</span> <span class='ocrx_word' id='word_1_291' title='bbox 990 2781 1052 2819; x_wconf 82' lang='lat'>55.</span> 
     </span>
    </p>
   </div>
  </div>
 </body>
</html>
