1586 2990
299 105 462 153 mss..
510 105 790 155 ORATOR.
833 104 955 155 Lm.
992 105 1080 163 lx,
1119 117 1166 162 3.
1313 114 1413 167 449

67 229 345 283 accideret.
406 234 604 284 Verum
630 231 948 290 auctoritate,
976 229 1246 291 vetustate,
1280 249 1406 282 con·
1421 245 1447 285 s

68 306 352 360 suetudine
375 310 695 376 plerumque
717 307 1037 368 defenditur,
1071 307 1221 376 saepe
1245 311 1408 359 etiam

62 387 274 436 ratione
297 386 542 452 quadam.
601 386 863 452 Ideoque,
902 404 1023 442 cum
1045 383 1105 436 fit
1129 403 1158 435 a
1180 385 1405 453 fimplici

61 473 320 528 rectoque
347 463 608 529 loquendi
635 480 826 531 genere
850 462 1076 522 deflexa,
1113 465 1285 515 virtus
1314 463 1402 525 est,

43 537 105 591 ‘fi
142 540 301 589 habet
339 541 613 607 probabile
655 541 883 606 aliquid,
939 539 1090 607 quod
1131 538 1397 606 sequatur.

59 615 182 665 Una
207 628 385 668 tamen
407 619 467 667 in
490 634 548 667 re
572 619 799 669 maxime
821 619 990 676 utilis,
1017 628 1076 668 ut
1097 616 1399 684 quotidiani

59 709 119 742 ac
166 692 375 761 semper
421 695 610 747 eodem
658 694 823 746 modo
875 694 1092 746 formati
1138 693 1396 746 sermonis

57 768 334 822 fastidium
355 772 524 831 levet,
562 784 616 823 et
645 789 745 822 nos
775 789 804 820 a
825 773 1036 839 vulgari
1059 771 1274 822 dicendi
1306 789 1396 838 ge-

56 864 186 897 nere
223 846 486 902 defendat.
565 853 682 919 Qua
707 848 746 898 fi
779 850 900 915 quis
931 866 1110 916 parce,
1150 859 1228 908 et,
1271 861 1434 900 cum4

57 940 141 973 res
181 923 382 992 poscet,
449 937 655 984 utetur,
712 927 865 977 velut
909 925 1111 993 asperso
1158 926 1395 992 quodam

58 1002 402 1054 condimento
433 1003 724 1065 jucundior
757 1004 885 1052 erit:
951 1014 1001 1051 at
1025 1005 1123 1069 qui
1160 1004 1394 1058 nimium

56 1074 404 1140 affectaverit,
461 1078 624 1146 ipsam
666 1080 816 1130 illam
858 1081 1077 1146 gratiam
1126 1081 1392 1130 varietatis

52 1155 273 1205 amittet.
370 1161 688 1226 Quanquam
725 1154 849 1206 sunt
896 1156 1155 1221 quaedam
1193 1155 1391 1223 figurae

48 1229 122 1279 ita
153 1243 419 1299 receptae,
456 1244 519 1284 ut
539 1250 706 1300 paene
731 1233 972 1300 jamhoc
995 1233 1171 1301 ipsum
1189 1250 1390 1285 nomen

129 1407 167 1442 5.
198 1396 239 1436 αἰ
259 1400 401 1451 quotid.
460 1399 595 1437 Turio.
626 1401 676 1446 (a
697 1414 755 1450 pr.
778 1398 924 1449 manu)
952 1399 1056 1436 Flor.
1089 1409 1127 1436 et
1147 1401 1276 1437 coctid.
1299 1413 1389 1436 cum

46 1452 146 1492 Jens.
168 1455 211 1491 in
231 1458 378 1506 priore.
549 1472 601 1492 ac.
634 1458 696 1492 Sic
717 1458 848 1494 Tu'ric.
874 1456 978 1493 Flor.
1009 1456 1168 1506 Reliqui
1201 1467 1248 1493 et.
1309 1461 1313 1467 '

130 1511 324 1560 defendat.
361 1513 494 1549 Turic.
522 1514 702 1562 offendat.

132 1574 168 1614 4.
202 1570 296 1621 Qua.
356 1570 419 1606 Sic
452 1563 578 1606 Guelf.
614 1571 746 1618 Camp.
782 1569 914 1605 Turic.
953 1571 1002 1613 <a
1027 1570 1094 1605 sec.
1118 1567 1263 1617 manu)
1295 1580 1387 1604 cum

45 1622 164 1660 Goth.
195 1624 302 1666 Vols.
322 1636 358 1662 2.
379 1625 467 1662 Ald.
500 1627 599 1674 quod
620 1627 753 1662 Turic.
790 1630 827 1671 (a
847 1639 906 1675 pr.
934 1625 1086 1676 manu).
1117 1623 1279 1675 Reliqui
1299 1638 1383 1677 quo.

48 1711 59 1724 ,
121 1695 243 1731 parce.
303 1682 438 1724 Turio.
469 1682 596 1719 Guelf.
637 1683 770 1732 Camp.
799 1690 919 1732 pou-te.

99 1814 139 1853 5.
172 1821 251 1843 cum
274 1806 586 1858 fit-dqfiexa,
615 1809 688 1844 vir·
734 1850 737 1853 Ι
805 1813 842 1852 4.
883 1806 1083 1852 jucundior
1123 1805 1203 1842 erit.
1264 1801 1384 1853 Quod

42 1870 101 1899 tus
122 1861 183 1911 eft.
235 1865 363 1901 Habes
398 1864 556 1903 eandem
590 1864 685 1902 stru-
743 1862 1151 1910 subjectum„t1—ibues
1185 1860 1380 1908 adjectivo

42 1929 173 1959 cturae
194 1919 349 1970 synesin,
367 1920 412 1955 de
432 1934 506 1969 qua
532 1921 683 1969 egimus
738 1920 969 1965 jucundior?
1000 1919 1041 1954 Si
1065 1917 1312 1965 intelligetur
1325 1912 1381 1964 fi-

42 1975 90 2010 ad
112 1987 147 2022 9,
170 1986 206 2015 2,
227 1985 291 2023 79.
336 1975 409 2010 Sed
431 1989 510 2010 cum
532 1977 682 2012 attende

43 2030 192 2067 dictum
212 2043 284 2079 pro
308 2030 373 2082 “fi
387 2042 423 2068 et
443 2031 680 2069 cf.Tu1sell.

39 2099 80 2136 Ρ.
108 2099 200 2135 190.

100 2152 140 2179 ut
161 2129 423 2192 ——fafiidium
439 2143 545 2181 levet.
578 2143 682 2181 Citat

40 2198 107 2235 hic
118 2198 412 2236 Almelovenius
431 2201 680 2236 Demetrium

40 2254 201 2303 P11al.‚§.
223 2265 287 2299 77.
307 2256 416 2302 eujus
437 2254 568 2292 locum
587 2256 678 2293 vide

42 2311 141 2358 apud
155 2310 434 2348 Schneiderum
445 2325 480 2360 p.
493 2322 557 2356 57.
582 2313 679 2349 Mox

40 2367 186 2404 Pseudo
209 2385 223 2394 ·
249 2368 420 2406 Turneb.
451 2379 488 2404 et
517 2370 677 2417 Capper.

41 2421 218 2471 ablegant
247 2423 294 2458 ad
317 2424 471 2462 Aristot.
500 2425 614 2462 Rhet.
637 2434 675 2469 3,

39 2487 78 2522 5,
106 2486 141 2522 5.
163 2492 200 2528 p.
223 2478 338 2514 Buhl.
362 2488 456 2524 321.
490 2479 533 2516 τὰ
554 2479 678 2516 'Aa-m-

740 1989 854 2023 gura,
886 1988 982 2023 quae
1015 1977 1057 2010 fit
1082 1974 1283 2018 jucundior
1317 1972 1379 2008 fu-

742 2042 849 2072 tura,
879 2043 1079 2080 perperam
1111 2028 1314 2065 sustinebit
1337 2041 1378 2065 ea
1416 2068 1418 2073 ,

737 2098 865 2137 partes
896 2086 955 2122 rei
989 2086 1190 2126 conditae,
1223 2098 1312 2120 cum
1334 2085 1379 2122 fit

736 2143 814 2193 ipsa
845 2143 1150 2180 condimentum.
1208 2142 1270 2178 An
1297 2141 1378 2190 ipse

738 2210 871 2236 orator
893 2200 967 2235 erit
982 2199 1213 2244 jucundior?
1242 2199 1375 2246 Ingra-

739 2266 774 2292 ta
794 2256 911 2292 fuerit
931 2256 1061 2303 imago
1085 2253 1260 2292 hominis
1285 2266 1375 2290 cum

737 2312 827 2347 cibo
876 2312 1098 2360 comparati.
1177 2309 1374 2360 Equidem

735 2367 971 2404 intercidiffe
998 2367 1167 2416 suspicor
1194 2367 1298 2402 inter
1312 2367 1373 2412 ju-

734 2426 887 2460 cundior
920 2434 956 2459 et
988 2426 1058 2459 erit
1084 2421 1246 2459 voc'em:
1289 2435 1372 2459 ora-

734 2483 797 2516 tio.
855 2481 996 2528 Neque
1038 2492 1083 2515 eo
1113 2479 1244 2515 miuus
1275 2490 1372 2515 mox

40 2530 220 2579 ὃσὲμαντος
250 2535 383 2584 ψυχρὰ
414 2534 604 2580 Φαίνεται·
636 2536 675 2573 ου’
731 2537 774 2572 in
795 2538 939 2572 amittet
959 2535 1174 2581 subjectum
1195 2535 1268 2572 erit
1289 2547 1371 2572 ora·

38 2590 111 2640 ’γὰρ
134 2593 178 2632 ὡς
199 2589 376 2637 ἡδύσματα
404 2587 560 2643 χρῆταιζ
591 2591 674 2632 ἄλλ’

40 2647 86 2690 ὥς
109 2647 287 2695 ἐδέσματι.
326 2677 331 2682 .

99 2719 202 2756 Τοηι.
234 2720 300 2754 ΙΙΙ.

733 2602 792 2631 εον
801 2619 811 2635 ,
842 2605 924 2630 non
954 2594 1088 2630 oratio.

868 2717 930 2754 Ff
