1586 2990
288 221 450 267 INST.
498 219 774 267 ORATOR.
818 219 941 265 Lm.
987 218 1130 277 VIII,
1175 221 1221 270 6.
1280 228 1282 233 ’
1317 230 1414 282 519

61 364 216 414 ,quae
241 347 448 414 aliquid
477 365 576 413 pro
599 347 821 411 nomine
851 345 1031 414 ponit,
1074 336 1248 396 Ροὲῑίε
1280 364 1418 413 quo·-

0 432 194 491 759’que
223 426 391 475 modo
422 423 857 491 frequentiffima,
916 434 967 473 et
1002 440 1099 490 per
1141 423 1415 488 epitheton,

82 502 209 567 quia
245 502 478 552 detracto
512 519 603 560 eo,
644 504 734 552 cui
768 502 1083 568 apponitur,
1139 502 1282 550 valet
1312 519 1415 568 pro

81 581 328 639 nomine,
387 581 637 645 Tydides,
685 579 919 630 Pelides.-
964 588 1016 628 et
1039 595 1104 628 ex
1123 578 1238 640 his,
1278 595 1417 646 quae

79 656 141 704 in
167 671 493 722 quocunque
515 655 641 706 sunt
667 659 971 722 praecipua,

218 773 286 783 —
320 770 387 779 —
421 748 591 790 Divum
612 757 760 803 pater,
796 758 924 804 atque
950 750 1166 791 hominum
1187 762 1286 790 rex:

83 839 138 879 et
164 847 229 880 ex
249 829 427 889 factis,
467 832 662 895 quibus
688 827 911 897 persona
940 828 1189 896 fignatur‚

218 945 288 958 —
320 947 388 958 —
427 924 466 963 T
462 924 634 966 kalamo
664 936 772 979 quae
782 921 886 985 fixa
906 921 1073 978 reliquit
1098 923 1282 977 Impius.

168 1051 287 1100 ponit.
335 1049 469 1086 Turio.
501 1047 606 1086 Flor.
649 1049 666 1093 (
683 1049 750 1084 hic
779 1062 799 1084 a
825 1048 896 1084 sen.
928 1047 1079 1090 manu)
1120 1048 1250 1085 Guelf.
1283 1048 1418 1100 Camp.

24 1135 27 1138 «
84 1107 206 1144 Goth.
247 1108 345 1146 Jens.
389 1103 488 1154 (tac.
524 1106 664 1154 Gesn.)
698 1113 818 1156 ponet:
871 1116 963 1140 cum
989 1104 1095 1142 Voss'.
1124 1115 1162 1141 2.
1213 1106 1299 1142 edd.
1332 1117 1421 1142 anto

81 1163 177 1200 Bad.
222 1165 374 1212 ponitur
422 1161 527 1198 Ποῖ.
741 1175 888 1211 quoque
937 1160 1060 1196 modo.
1140 1162 1274 1198 Turio.
1313 1162 1419 1199 Flor-

50 1219 214 1271 I‘Guelf.
246 1220 379 1270 Camp.
411 1227 568 1268 utroque
600 1231 690 1254 cum
720 1218 840 1254 Goth.
876 1217 981 1263 (err.
1005 1217 1145 1266 Gesn.)
1174 1219 1281 1259 Voff.
1313 1229 1351 1257 2.
1383 1229 1422 1256 et

82 1275 171 1312 edd.
203 1286 288 1312 ante
319 1279 442 1312 Stoer.
473 1287 552 1324 quo
582 1288 658 1311 acc.
689 1274 786 1312 Obr.
810 1276 880 1325 qui
902 1283 1139 1324 utrocunque.

171 1335 268 1383 quia.
301 1333 433 1370 Turic.
454 1333 557 1381 quia
578 1345 636 1380 pr.
660 1345 790 1371 manu.
849 1333 977 1380 Lege:
1009 1332 1121 1379 quod.
1149 1333 1196 1368 cf.
1222 1332 1260 1374 6,
1272 1341 1309 1377 5,
1324 1332 1362 1368 6.

174 1399 211 1424 et
233 1403 277 1424 ex
301 1390 368 1430 his,
389 1403 486 1443 quae
505 1389 543 1422 in
566 1401 790 1438 quocunque.
850 1389 982 1423 Turio.
1005 1388 1110 1425 Flor.
1142 1397 1179 1424 ec
1195 1389 1253 1424 his
1277 1401 1420 1437 quoque

88 1457 179 1481 omn
197 1445 300 1481 Alm.
330 1445 427 1490 (nifi
450 1444 556 1492 quod
584 1457 632 1478 ex
651 1443 729 1479 hoc
754 1443 901 1494 duplex
922 1445 987 1491 et)
1017 1458 1036 1479 a
1058 1445 1126 1481 see.
1144 1457 1264 1486 mauu
1298 1458 1342 1479 ex
1363 1445 1421 1479 his

88 1515 234 1552 quoque
271 1514 359 1537 cum
382 1500 484 1539 Vall.
544 1501 613 1534 His
642 1513 787 1549 quoque
826 1499 955 1535 Guelf.
996 1502 1131 1550 Camp.
1171 1513 1260 1536 cum
1298 1500 1419 1537 Goth.

86 1558 190 1603 (err.
219 1556 359 1605 Gesn.)
400 1567 436 1592 ec
465 1570 508 1592 ex
530 1556 587 1590 his
607 1569 702 1605 quae
726 1562 763 1591 in
791 1550 934 1607 ‹juoque
964 1558 1063 1596 Jens.
1093 1569 1182 1593 cum
1216 1557 1302 1593 edd.
1334 1564 1423 1593 ante

88 1617 212 1652 Stoer.
259 1615 431 1663 Apparet
468 1625 586 1662 quare
617 1612 854 1648 recentiores
891 1615 1082 1649 mutarint
1120 1622 1296 1664 utroque,
1329 1625 1423 1649 cum

87 1671 295 1708 videantur
321 1671 430 1719 sequi
461 1682 557 1710 tres,
595 1682 676 1704 non
700 1669 779 1704 duo
809 1669 934 1705 modi.
989 1671 1097 1710 Haec
1117 1669 1322 1707 difficultas
1345 1684 1421 1718 qua

85 1729 235 1764 ratione
267 1727 382 1776 possit
415 1726 536 1766 exiri,
567 1725 743 1761 nondum
772 1725 916 1767 video,
957 1739 1177 1775 quanquam
1202 1727 1424 1776 persuasum

87 1786 139 1822 est
169 1785 214 1820 de
246 1783 430 1832 bipertita
463 1782 651 1818 divifione
679 1781 756 1817 sola
785 1782 965 1830 cogitasse
997 1784 1073 1830 Qu.
1131 1783 1311 1832 Epitheti
1333 1783 1421 1822 ul'ui

85 1841 248 1890 subjecit
265 1839 333 1875 ille
357 1839 519 1875 alterum
532 1865 541 1878 ,
582 1838 654 1874 ubi
674 1851 770 1885 quae
790 1838 877 1874 sunt
897 1839 1102 1888 praecipua
1122 1851 1326 1888 ponuntur
1345 1851 1420 1888 pro

84 1899 269 1938 nomine3
301 1909 371 1932 nec
403 1906 530 1931 tamen
558 1894 832 1931 comminiscor
863 1895 1180 1932 constitutionem
1213 1909 1311 1946 quae
1337 1894 1421 1945 pla·

86 1967 170 1992 ceat
196 1965 489 2002 usquequaque.

85 2050 268 2101 plunibus
317 2049 561 2097 eloquentiae
601 2047 727 2096 magi·

86 2107 172 2143 stris
202 2103 360 2155 *profert
389 2105 727 2153 Capperonnerius

87 2163 136 2200 ad
167 2162 302 2199 locum
334 2161 530 2199 nostrum,
580 2160 724 2208 quibus

87 2220 256 2256 maxime
289 2230 381 2254 usus
411 2217 461 2252 est
481 2216 659 2251 Ernestus
682 2217 724 2252 in

88 2274 358 2323 Technologia
379 2285 510 2322 graeca
534 2272 572 2308 h.
594 2286 632 2307 v.
662 2274 723 2307 Ex

87 2331 252 2380 reliquis
283 2330 452 2377 ejusdem
475 2330 581 2378 tropi
601 2329 720 2365 fomi-

87 2389 184 2429 bus,
210 2399 291 2425 non
322 2387 428 2422 item.
486 2387 615 2422 Locus
636 2386 722 2436 qui·

88 2445 175 2490 dem
222 2445 301 2492 ipse
351 2456 467 2492 quem
517 2453 722 2480 tractamus

86 2500 204 2549 longe
233 2499 353 2541 abest,
397 2509 440 2534 ut
460 2499 502 2534 fit
531 2499 652 2537 sanus.
675 2500 724 2539 ef.

84 2568 184 2594 nott.
208 2557 310 2592 critt.

142 2622 179 2648 et
239 2625 283 2647 ex
322 2611 439 2660 factis
467 2629 521 2638 —
540 2609 724 2661 fignatur.

86 2671 217 2716 Hujus
230 2668 381 2717 generis
393 2668 614 2716 exemplum
627 2682 725 2716 quo·

85 2725 207 2762 modo
230 2725 299 2760 effe
320 2723 435 2774 poffit
456 2723 559 2772 quod
577 2725 723 2763 exVir-

87 2781 187 2831 gilio
214 2781 394 2822 affertur,
431 2794 568 2830 parum
598 2781 722 2830 perci-

782 2046 865 2096 pio.
888 2047 953 2083 Est
974 2047 1134 2096 quidem
1149 2047 1267 2096 longe
1278 2046 1422 2084 clarius

782 2104 890 2138 idem
919 2104 963 2140 in
992 2103 1157 2153 eversore
1185 2105 1424 2152 Carthaginis

781 2172 854 2208 pro
885 2160 1058 2208 Scipione
1085 2171 1156 2196 cet.
1213 2160 1316 2196 Nam
1347 2161 1422 2196 Ae-

780 2229 869 2251 neas
894 2216 975 2251 sane
1007 2217 1056 2252 est
1085 2219 1218 2265 impius
1235 2215 1328 2257 ille;
1360 2216 1423 2252 sed

780 2285 870 2309 cum
903 2272 948 2307 in
978 2273 1153 2309 oratione
1185 2272 1314 2309 Didus
1342 2274 1424 2322 ipse

776 2329 925 2377 ubique
980 2328 1246 2378 intelligatur,
1304 2342 1422 2365 nemo

776 2385 844 2421 hic
896 2386 1055 2436 proprie
1122 2387 1423 2422 antonomassam

780 2441 976 2491 agnoscat,
1026 2456 1123 2490 quae
1165 2444 1191 2477 fi
1221 2443 1294 2483 est,
1349 2443 1424 2478 erit

783 2499 898 2536 etiam
935 2513 975 2535 v.
995 2505 1073 2545 479
1108 2499 1151 2533 in
1184 2508 1352 2539 amante,
1381 2512 1421 2534 v.

786 2564 864 2602 497
906 2555 949 2590 in
986 2553 1149 2601 nefando
1183 2557 1279 2591 viro.
1337 2555 1425 2591 Neo

783 2611 892 2647 factis
912 2611 988 2646 suis
1008 2610 1073 2646 hic
1085 2613 1424 2659 (ignaua-Aeneas,

783 2680 873 2704 nam
914 2666 1022 2715 quod
1055 2681 1160 2702 arma
1192 2668 1341 2717 reliquit
1369 2668 1424 2703 sat·

782 2735 889 2760 ctum
919 2722 1014 2762 tale,
1063 2724 1166 2760 unde
1195 2725 1334 2773 figuari
1353 2737 1423 2772 po·

782 2780 923 2820 tuerit,
954 2792 1090 2821 nemo,
1123 2781 1278 2830 opinor,
1310 2780 1423 2817 dicer.
