1586 2990
12 1373 15 1377 ·
63 1355 182 1392 tabat.

274 168 438 234 tNST.
484 166 760 220 ORATOR.
806 166 927 211 LIB.
972 166 1088 223 vn,
1137 178 1180 212 1.
1329 177 1390 224 53

61 296 226 350 modo
246 297 567 363 petitionum
580 330 595 353 ,
631 293 720 343 vel
745 290 1016 342 novissime
1036 291 1172 342 sorte
1192 290 1410 354 dijudi-v

46 385 224 425 matur.
272 376 334 424 In
357 371 535 422 schola
562 371 744 442 quaeri
764 369 903 418 nihil
928 371 1143 428 attinet,
1183 386 1306 418 cum
1328 370 1388 418 in
1403 384 1459 424 38

62 449 535 501 declamationibus
579 447 769 497 iisdem
808 463 1046 505 narrare,
1093 457 1148 496 et
1188 456 1395 496 contra-

62 527 325 578 dictiones
365 525 596 583 solvere,
649 535 754 573 tam
794 523 856 573 ab
899 535 1102 583 actore,
1162 540 1324 589 quam
1364 540 1395 572 a

62 602 336 672 poffess'oisse
385 600 681 653 concess'um
729 599 801 650 fit.
888 600 991 650 Sed
1035 601 1096 650 in
1142 601 1394 667 plurimis

63 678 432 732 controversiis
469 696 538 729 ne
567 679 802 728 inveniri
835 678 1052 743 quidem
1083 675 1281 744 potest:
1331 687 1395 727 ut

63 758 123 809 in
155 758 272 816 illa,
327 758 442 831 Qui·
472 767 578 806 tres
604 753 786 805 liberos
826 752 1069 813 habebat,
1121 765 1395 812 oratorem,

59 830 446 906 philosophum,
493 834 766 890 medicum,
828 828 1128 901 testamento
1172 842 1397 897 quatuor

58 922 237 976 partes
246 907 416 980 fecit,
455 920 506 958 et
520 907 768 982 singulas
785 905 1017 979 singulis
1038 908 1205 956 dedic:
1243 925 1397 956 unam

65 987 175 1055 ejus
205 983 309 1061 effe
338 986 528 1044 voluit,
577 989 668 1050 qui
706 980 834 1058 qffec
865 976 1150 1056 ucilffmus
1185 986 1398 1034 civitati.

146 1137 212 1177 38.
255 1127 464 1180 paffeſj'ore.
519 1127 649 1165 Turic.
696 1124 929 1178 poffesfione.
988 1127 1063 1163 Sed
1090 1126 1237 1177 reliqui
1267 1124 1398 1177 (quo-

61 1199 151 1222 rum
171 1198 208 1223 et
225 1185 326 1223 Alm.
349 1187 396 1222 cf.
431 1191 494 1230 23.
523 1189 614 1230 50.)
641 1185 848 1220 nobiscum
883 1197 1015 1229 omues
1048 1194 1132 1219 ante
1156 1183 1305 1233 Gryph.
1329 1183 1400 1232 qui.

64 1242 259 1292 defensore
299 1255 387 1278 cum
420 1242 714 1277 recentioribus.
773 1240 862 1275 Hoc
893 1241 1014 1276 otiose
1044 1241 1211 1287 conjecit
1239 1239 1405 1282 Badius,

63 1299 136 1348 qui
157 1310 282 1335 tamen
305 1309 341 1335 et
358 1299 522 1347 propius
545 1298 591 1333 ad
616 1298 812 1345 antiquam
832 1297 1057 1345 scripturam
1076 1295 1294 1345 propulsare
1317 1307 1400 1331 ten-

250 1354 331 1391 Bal.
374 1365 519 1390 tacetur
558 1367 646 1389 cum
680 1353 869 1392 Vossianis
915 1353 1065 1394 tribus,
1104 1353 1255 1388 incuria
1294 1350 1398 1388 haud

65 1411 196 1447 dubie.
415 1409 548 1459 philos.
579 1411 672 1445 med.
732 1410 794 1444 Sic
818 1409 949 1444 Turic.
980 1408 1108 1446 Guelf.
1143 1409 1260 1445 Goth.
1301 1413 1398 1452 (tac.

65 1466 203 1510 Gern.)
235 1466 368 1516 Camp.
400 1479 487 1502 cum
508 1467 610 1502 Atm.
634 1476 670 1502 et
688 1464 782 1501 Obr.
811 1464 971 1513 Reliqui
985 1465 1161 1500 inserunt
1182 1473 1226 1500 σε.
1287 1465 1333 1501 cf.
1360 1470 1398 1511 4,

68 1533 115 1564 2,
149 1528 213 1566 24.
438 1524 500 1571 qui
522 1522 619 1572 effet.
678 1522 809 1557 Turio.
843 1534 863 1554 a
888 1534 946 1570 pr.
983 1534 1101 1556 manu
1135 1534 1229 1571 quae
1253 1535 1283 1556 e.

123 1640 188 1678 58.
231 1633 280 1670 ¹In
316 1633 447 1682 schola
475 1653 527 1662 -—
559 1606 703 1670 attinet.
761 1632 839 1669 roli
872 1631 1023 1668 savinii
1051 1631 1226 1677 (Gieffae
1267 1632 1401 1679 1803)

66 1690 116 1749 efi-
139 1699 186 1735 5,
220 1699 294 1735 ³5,
325 1697 389 1734 50·

121 1799 330 1852 poffeffore.

763 1690 905 1734 dejure
923 1688 1171 1739 paffeffionis‚
1203 1689 1274 1726 ubi
1294 1703 1401 1726 com·

759 1745 870 1795 plura
891 1745 968 1780 huc
998 1746 1174 1782 facientia
1199 1759 1402 1796 exponun-

410 1801 486 1838 Hic
544 1801 703 1851 quidem
762 1812 824 1837 tur
845 1805 877 1849 §.
895 1808 932 1845 3.
962 1804 1118 1837 Hormn
1143 1803 1301 1850 quidem
1323 1815 1402 1838 ma·

66 1871 170 1895 nove
198 1870 234 1894 et
259 1855 606 1894 satis-mirabiliter
624 1857 707 1908 pos·
761 1857 867 1893 xime
889 1858 1056 1894 advertit
1077 1872 1138 1893 me
1169 1858 1279 1894 locus
1307 1860 1404 1907 Dig.

58 1913 181 1965 seffor
201 1915 280 1950 dici
304 1915 463 1951 videtur
486 1927 559 1963 pro
581 1915 707 1963 defen·

62 1968 166 2020 sore,
195 1967 302 2006 nulla
332 1970 392 2006 rei
428 1970 707 2020 cujuscunque,

70 2038 167 2075 quae
186 2034 359 2074 petatur,
388 2026 520 2061 habita
547 2026 709 2063 ratione.

68 2079 273 2116 Deducere
294 2082 426 2129 potuit
442 2082 525 2116 fane
548 2082 593 2116 ad
613 2081 712 2118 hanc

70 2134 262 2187 loquendi
295 2135 563 2176 insolentiam,
606 2138 713 2185 quod

69 2191 149 2240 iam
200 2191 338 2227 tritum
394 2191 471 2227 fuit
517 2196 712 2241 petitorem

70 2249 253 2296 usurpare
282 2260 354 2296 pro
385 2247 591 2297 accusatore
628 2247 708 2296 (cf.

71 2304 107 2353 ς.
128 2302 216 2352 5.),
247 2305 313 2339 cui
345 2302 490 2339 rationi
521 2302 629 2340 affine
660 2305 710 2340 est

74 2369 114 2396 et
135 2359 447 2400 consentaneum,
477 2358 710 2410 poffefforem

73 2414 263 2464 appellare
285 2430 394 2457 eum,
422 2417 491 2464 qui
506 2416 708 2465 aggreffio-

71 2484 163 2508 nem
182 2483 200 2505 a
227 2471 261 2506 se
291 2471 486 2508 amolitur.
546 2473 631 2509 Nee
650 2473 709 2508 in-

72 2527 250 2563 auditum
273 2526 348 2563 hoc
367 2528 410 2563 in
438 2528 521 2578 ipso
542 2530 627 2576 jure
656 2530 709 2564 ci-

73 2582 150 2620 vili
170 2583 242 2618 effe
263 2581 364 2619 disco
383 2595 563 2624 monente
585 2585 711 2620 amico

73 2639 245 2689 quodam
283 2640 404 2688 icto,
454 2640 524 2689 qui
564 2640 712 2678 librum

73 2693 177 2732 mihi
210 2695 380 2732 ostendit
413 2696 602 2733 friderici
639 2698 714 2734 'Ca-

137 2764 240 2803 Tom.
266 2763 332 2802 111.

766 1922 810 1958 5.
851 1928 894 1955 1,
932 1914 995 1950 62.
1033 1917 1178 1957 „Inter
1209 1913 1405 1963 litigantes

764 1983 880 2011 „non
901 1969 1011 2006 aliter
1028 1970 1085 2011 ‚lis
1115 1971 1292 2019 expediri
1317 1982 1405 2020 pot·

766 2026 878 2068 „est,
920 2039 1036 2075 quam
1065 2028 1092 2062 si
1121 2026 1215 2062 alter
1244 2028 1404 2076 petitor,

769 2108 793 2123 „
807 2081 902 2117 alter
921 2080 1098 2131 poffeffor
1123 2085 1176 2119 fit.
1192 2088 1216 2103 “
1277 2083 1406 2128 Quan-

770 2150 884 2185 quam
914 2139 1094 2172 Savinius
1139 2136 1254 2173 bonis
1294 2150 1407 2185 argu-

769 2191 910 2228 mentis
942 2202 1072 2233 cavet,
1103 2207 1150 2228 ne
1177 2193 1291 2229 latius
1321 2206 1408 2229 eva-

768 2257 881 2295 getur
930 2246 996 2283 hic
1040 2249 1148 2290 usus;
1190 2248 1260 2284 effe
1302 2249 1408 2285 enim

766 2302 859 2339 haec
897 2316 943 2339 ex
985 2302 1089 2340 libro
1128 2305 1288 2354 Ulpiani
1320 2304 1407 2346 illo,

767 2357 838 2408 qui
878 2357 1057 2396 videatur
1099 2371 1203 2397 totus
1232 2362 1408 2410 spectaffe

766 2416 813 2450 ad
841 2416 910 2463 jus·
943 2414 1182 2453 hereditatis.
1241 2419 1302 2452 An
1336 2416 1410 2452 tale

766 2470 863 2520 quid
885 2482 922 2508 et
939 2472 1068 2508 nostro
1089 2473 1293 2513 succurret,
1315 2485 1412 2521 quo-

766 2528 873 2563 niam
898 2540 994 2570 mox
1016 2527 1239 2581 exertplum
1271 2529 1322 2564 est
1344 2528 1411 2564 he·

768 2583 942 2621 feditatis
985 2583 1205 2632 petendae?
1246 2587 1411 2633 Praepo-

770 2639 917 2675 fitionis
960 2640 1006 2674 ab
1050 2640 1275 2690 potestatem
1318 2640 1413 2677 vido

774 2701 819 2740 4,
852 2706 899 2736 2,
933 2695 969 2732 6.

890 2763 923 2800 C
