1586 2990
216 234 293 266 κη
502 221 796 268 EDITon
846 221 1240 270 LECTURIS.

217 347 454 386 acclamare
465 345 610 386 Bravo
631 344 836 400 itemque,
862 345 889 382 fi
911 343 1071 386 femina
1089 342 1160 393 est,
1176 347 1341 397 Βωυα,
1360 345 1409 390 in
1427 344 1515 404 quo

217 421 384 477 generis
407 423 495 478 ipsa
513 424 696 464 variatio
719 421 907 464 ostendit
933 424 1263 479 appellationem
1289 428 1391 475 effe,
1424 441 1514 468 non

216 501 484 544 adverbium.
550 505 655 546 Erat
685 502 819 560 igitur
848 502 1097 545 abstinenda
1127 518 1282 546 manue
1308 507 1362 547 ab
1393 505 1514 547 omni

214 581 468 624 mutatione.

346 694 390 734 9,
421 691 464 730 3,
499 691 573 731 37.
627 690 671 723 ee
707 684 832 723 etiam
868 684 922 725 fic
960 682 1215 726 vindicaris:
1268 685 1447 747 Constat
1473 696 1516 727 ec

211 761 333 801 aliis.-
376 762 501 800 etiam
532 761 676 802 modis.
746 763 899 816 Neque
943 761 1062 804 enim
1098 764 1326 805 absurdum
1370 766 1516 806 modos

210 839 285 879 hic
330 840 556 894 agnoscere
592 838 690 880 illos
725 840 1050 895 grammaticos,
1100 841 1175 898 qui
1219 845 1296 884 fint
1336 843 1384 884 in
1425 843 1513 886 istis

209 919 364 964 dandi,
401 919 574 972 dacum,
609 919 781 967 datum,
820 935 931 975 quae
960 936 1039 962 nos
1072 920 1250 978 quidem
1272 916 1513 980 &uptsse‘m'sf

209 1013 271 1056 ροι
299 997 396 1036 sane
419 995 579 1038 dicturi
604 1011 773 1037 eramus
797 1000 1063 1054 gerundium,
1096 1003 1381 1054 participium.

340 1096 390 1135 Id
412 1106 557 1136 autem
583 1094 766 1137 calidius
795 1097 1131 1152 pronunciatum
1154 1114 1177 1140 a
1198 1114 1294 1148 me,
1327 1098 1511 1142 circum-

206 1173 389 1216 scribere
413 1173 486 1215 hic
505 1187 636 1229 cogor
655 1185 697 1215 et
717 1175 915 1231 mitigare
928 1207 940 1224 ,
974 1179 1093 1234 quod
1112 1178 1354 1222 barbariem
1372 1190 1416 1221 et
1435 1194 1512 1221 no-

204 1253 358 1294 vitiam
394 1252 651 1294 latinitatem
685 1254 810 1295 toties
841 1258 989 1307 (velut
1010 1269 1054 1308 7,
1084 1266 1133 1310 4,
1165 1268 1241 1308 31.
1285 1271 1330 1311 9,
1365 1275 1404 1306 1,
1434 1272 1510 1303 20.

204 1346 251 1386 9,
286 1344 330 1383 3,
360 1336 466 1385 92.)
496 1333 748 1389 exprobravi
781 1335 1079 1385 conjunctioni
1107 1347 1148 1378 et
1175 1340 1245 1378 vel
1282 1337 1509 1381 encliticae

201 1401 279 1468 qne
298 1412 448 1459 tertio,
483 1415 553 1452 vel
575 1424 796 1469 utcunque
814 1425 1029 1463 extremo,
1061 1418 1157 1457 loco
1181 1417 1310 1457 semel
1336 1431 1508 1472 compa-

200 1491 328 1532 renti.
383 1490 677 1546 Reperiuntur
699 1482 828 1532 enim*
842 1503 907 1533 tot
927 1494 1053 1544 huJ'us
1075 1495 1172 1535 usus
1201 1497 1316 1550 apud
1335 1495 1507 1537 Cicero·

200 1585 302 1611 nem
333 1572 552 1625 exempla,
587 1581 637 1611 ut
664 1584 715 1612 ea·
741 1571 925 1613 librariis
947 1573 1021 1614 suo
1040 1573 1152 1614 mori
1176 1573 1343 1616 ass'uetis
1366 1574 1506 1631 impu-

199 1662 289 1691 tare
311 1649 472 1700 omnia,
504 1650 684 1690 modesti
705 1665 793 1691 non
815 1653 862 1693 fit
881 1650 1033 1694 critici.
1069 1653 1124 1698 cf.
1146 1663 1190 1696 et
1206 1655 1331 1696 nostr.
1356 1663 1384 1706 8
1403 1656 1503 1698 Pro.

199 1731 242 1771 6.
279 1742 326 1782 9,
358 1743 399 1776 ε,
427 1737 503 1782 89.

294 1827 548 1870 scribebam
577 1826 773 1871 Berolini
806 1828 878 1872 die
919 1841 990 1881 17.
1022 1829 1128 1882 Maji
1171 1839 1308 1884 1808-
