1586 2990
139 252 191 292 28

208 123 305 168 230
494 109 566 157 M.
612 97 757 157 FABL
793 76 1195 172 QmNfiLuM

307 247 609 290 Corinthiorum
629 255 794 290 amator
815 245 887 306 isi-e
911 244 1134 294 verborum,

307 314 560 368 Thucydides
585 316 818 355 Britannus
831 341 844 359 ,
877 308 1210 371 Atticaofobres.

304 379 393 422 Tau
419 381 642 425 Gallicum,
674 381 781 424 min,
814 378 886 422 al,
912 372 1065 436 spinae
1091 378 1195 419 male
1214 377 1342 472 illisit.

301 446 378 487 Ita
395 449 533 488 omnia
551 446 631 507 isla
645 444 769 487 verba
788 438 955 503 miscuit
975 437 1126 502 fratri.

287 603 350 640 23.
390 596 666 633 Corinthiorum.
725 595 787 632 Sic
807 594 926 632 Codd·
946 595 1024 631 mei
1050 592 1246 632 omnes'et
1271 594 1493 635 Burmanni,

203 651 272 697 qui
303 651 460 685 debebat
492 661 529 685 et
552 649 661 686 Bodl.
690 662 830 699 ponere
870 661 907 686 et
934 649 1034 687 Vall.
1061 650 1242 685 accedunt
1269 649 1437 687 Florent.
1459 660 1498 685 et

204 704 336 740 Ambr.
362 717 394 738 ι.
449 703 626 740 Eldilzius
655 705 696 740 in
729 703 1014 752 Suspicionibus
1043 705 1200 751 conjicit
1230 705 1498 739 Homericorum

208 770 281 806 pro
306 759 573 794 Corinthiorum
592 772 630 807 p.
654 765 715 803 45.
760 759 905 794 Frustra
924 757 1001 795 ille.
1218 767 1367 795 amator.
1395 758 1496 794 Flor.

206 826 319 848 amor.
533 814 735 852 verborum.
762 814 924 862 Thucyd.
970 814 1033 848 Sic
1054 813 1148 849 libri
1167 814 1244 848 mei
1263 825 1392 850 omnes
1413 823 1498 849 ante

205 867 291 902 Ald.
315 869 383 915 qui
404 881 491 903 eum
516 868 674 917 reliquis
704 868 786 903 edd.
814 878 961 917 praeter
993 868 1086 904 Obr.
1107 869 1326 917 *interponit
1349 868 1499 904 versum

206 920 328 957 hunc:
359 947 383 963 ,‚
397 923 466 958 Iste
496 923 561 958 iste
594 923 724 958 rhetor
752 935 914 970 namque
939 923 1113 969 quatinus
1142 933 1255 958 totus.
1267 927 1292 942 “
1346 923 1459 957 Hunc
1479 935 1499 956 e

207 988 285 1023 quo
312 977 494 1024 cujusque
527 978 760 1014 auctoritatis
782 977 922 1013 Codice
941 976 1157 1024 virgiliano
1178 977 1408 1024 protraxerit
1437 977 1499 1011 Pi-

206 1030 343 1066 thoeus
359 1057 370 1071 ‚
399 1045 447 1067 ne
476 1032 576 1080 apud
597 1033 856 1067 Bur-mannum
877 1031 1031 1078 quidem
1059 1031 1101 1065 in
1118 1030 1273 1066 Anthol.
1303 1031 1500 1079 proditum

206 1084 376 1121 invenio.
571 1086 661 1122 Tau.
694 1085 810 1122 Goth.
833 1095 868 1121 2.
895 1094 978 1120 tam.
1171 1087 1268 1124 min,
1290 1085 1338 1122 al.
1368 1086 1497 1121 Turic.

206 1138 306 1174 Flor.
327 1139 452 1175 Guelf.
471 1139 601 1177 Ambr.
632 1153 664 1177 ι.
686 1141 814 1188 Camp.
836 1152 923 1174 cum
948 1138 1062 1176 Goth.
1091 1154 1124 1175 ι.
1141 1148 1176 1175 2.
1198 1141 1316 1188 Kapp.
1339 1140 1433 1181 ehim
1452 1148 1498 1175 et.

204 1193 386 1229 Nostrum
418 1194 462 1230 ab
498 1195 591 1232 Obr.
631 1195 720 1230 inde
750 1194 906 1231 obtinet.
1113 1193 1255 1242 spinae.
1299 1194 1429 1231 Ambr.
1464 1206 1496 1231 ι.

199 1246 333 1296 spinet.
547 1249 656 1299 illisit.
711 1249 919 1285 Diremtim
956 1249 1012 1283 illi
1042 1247 1095 1297 fit
1125 1249 1255 1283 Ambr.
1300 1257 1333 1284 1.
1373 1247 1500 1285 Guelf-

208 1302 324 1338 Goth.
369 1305 461 1347 (tac.
495 1303 628 1348 Gesn.)
666 1305 795 1352 Camp.
833 1316 921 1338 cum
950 1303 1063 1338 Goth.
1096 1314 1132 1338 2.
1190 1303 1373 1348 Quodet
1399 1302 1500 1338 Alm.

206 1355 323 1402 hujus
362 1358 520 1394 rationis
566 1359 691 1394 testem
723 1358 868 1406 profert
897 1359 1051 1397 Burm.,
1089 1357 1233 1394 recedit
1263 1356 1386 1393 omnis
1420 1358 1502 1404 ejus

208 1411 409 1458 script-ura,
439 1413 584 1460 abipso
614 1413 767 1460 quidem
798 1413 934 1460 posita,
964 1426 982 1446 a
1005 1413 1228 1448 Turicenfis.
1285 1412 1346 1446 Sic
1377 1412 1499 1454 euim:

213 1465 293 1501 Tau
316 1466 498 1502 Gallicum
517 1476 551 1503 et
563 1467 694 1515 spinae
726 1467 781 1502 illi
802 1466 864 1516 fic.
895 1466 967 1510 (cf.
997 1469 1029 1513 §.
1062 1476 1125 1501 22.
1156 1467 1247 1510 36.)
1303 1467 1415 1501 Posui
1437 1466 1504 1502 hic

211 1519 387 1567 equidem
407 1522 514 1556 MSS.
535 1522 700 1557 solorum
719 1522 938 1569 scripturas,
969 1533 1045 1570 quo
1066 1522 1185 1570 magis
1212 1519 1313 1557 mihi
1332 1533 1502 1558 caverem

209 1574 255 1610 ab
278 1574 469 1612 editorum
489 1576 640 1614 levibus
662 1576 900 1614 commentis.

264 1716 328 1753 28.
359 1711 622 1747 Corinthiorum
635 1730 690 1739 --
703 1707 828 1759 fratr-12

207 1763 333 1809 Hujus
372 1765 514 1812 integri
553 1767 832 1814 epigrammatis

209 1828 250 1852 ut
272 1816 447 1853 sententia
471 1819 578 1854 facile
604 1821 828 1868 percipitur,

207 1871 405 1920 ipsumque
466 1887 622 1910 acumen
679 1876 829 1923 prorsus

208 1926 429 1962 admirabile
468 1940 640 1978 apparet,
680 1930 732 1964 ita
762 1931 829 1964 fin-

208 1981 383 2028 gularum
430 1984 595 2029 partium
639 1985 826 2019 rationem

207 2036 362 2071 reddere
392 2051 504 2072 nemo
536 2039 659 2083 adbuc
686 2039 826 2086 potuit.

208 2091 424 2136 Conjicitur
453 2093 596 2127 dictum
628 2093 670 2127 in
689 2095 729 2129 C.
753 2093 829 2127 Au-

206 2145 314 2179 nium
348 2147 467 2188 (five,
496 2158 540 2182 ut
569 2147 655 2182 vult
677 2147 827 2183 casaub.

206 2199 252 2232 ad
262 2201 362 2234 Suet.
375 2201 471 2248 Aug.
492 2213 523 2235 c.
535 2202 598 2245 36.
611 2203 803 2237 Annaeum
817 2214 827 2242 ;

205 2253 264 2288 ibi
283 2254 383 2288 enim
416 2256 584 2301 ejusdem
608 2257 752 2291 mentio
781 2256 828 2291 ab

205 2308 371 2355 Augusto
394 2309 487 2344 facta
518 2320 693 2357 tanquam
723 2321 828 2345 caco-

205 2362 305 2410 zeli)
325 2362 546 2404 Cimbrum,
577 2365 663 2412 qui,
686 2365 825 2399 oratio·

204 2417 264 2452 nis
312 2419 525 2454 reconditae
546 2445 557 2460 ,
622 2418 824 2465 verbisque

203 2471 511 2509 insolentioribus
558 2474 713 2508 refertae
753 2472 825 2507 stu-

203 2526 350 2567 diosus,
389 2527 497 2562 fimul
530 2528 717 2563 invidiam
749 2528 824 2561 sus·

201 2581 346 2619 tinebat
366 2582 560 2619 interemti
579 2595 727 2620 veneno
753 2581 824 2617 {ra-

885 1711 966 1748 triS·
1021 1707 1107 1745 Hoc
1128 1709 1251 1758 ipsum
1271 1710 1421 1745 testatur
1440 1711 1502 1746 Ci-

885 1778 972 1801 cero
1013 1764 1123 1805 1000,
1163 1777 1276 1811 quem
1311 1777 1404 1800 mox
1442 1765 1504 1799 de-

884 1823 1000 1867 fignat
1019 1819 1151 1858 noster,
1184 1818 1350 1867 Philipp.
1375 1831 1434 1859 u,
1467 1820 1504 1854 6.
1551 1828 1553 1830 ’

884 1875 954 1910 ubi
992 1872 1208 1920 ingeniosus
1249 1873 1297 1908 est
1329 1872 1428 1909 lusus
1462 1874 1506 1909 in

887 1929 1090 1966 Germano,
1128 1928 1283 1963 nomine
1319 1933 1356 1962 et
1383 1928 1504 1963 natio-

881 1984 942 2020 nis
982 1993 1019 2018 et
1057 1983 1399 2029 consanguinitatis.
1457 1983 1502 2019 cf.

882 2036 1039 2073 similem
1059 2037 1158 2084 apud
1171 2036 1307 2082 Vellej.
1330 2047 1366 2078 2,
1385 2035 1451 2082 67,
1468 2043 1504 2080 4.

884 2092 1016 2139 ibique
1034 2091 1186 2126 Ruhnk.
1245 2091 1408 2135 (Sedulo
1430 2091 1504 2127 dis-

882 2146 1096 2194 jungendus
1118 2144 1326 2180 esvAnnias
1347 2159 1367 2180 a
1383 2146 1502 2182 Tullio

883 2201 1041 2237 Cimbro
1061 2201 1221 2236 Caesaris
1249 2198 1501 2241 interfectore,

883 2267 998 2303 quem
1038 2266 1205 2289 errorem
1249 2267 1295 2289 ne
1337 2255 1503 2290 summus

884 2309 1038 2357 quidem
1080 2308 1373 2345 Hemsterhufius
1405 2307 1505 2345 bavit
1537 2343 1539 2346 .
1585 2305 1586 2308 Ἴ

881 2364 922 2398 ad
935 2363 1096 2399 Luciani
1107 2362 1194 2400 Jud.
1209 2362 1357 2408 vocal.)
1389 2364 1503 2398 Hunc

879 2418 1002 2465 ipsum
1047 2417 1167 2464 igitur
1177 2443 1187 2458 ,
1237 2427 1280 2452 ut
1326 2418 1503 2454 discimus

874 2471 1119 2517 'Quintiliano
1146 2471 1292 2512 indice,
1321 2472 1392 2507 sale
1417 2485 1502 2521 per·

881 2527 1012 2561 fricuit
1032 2526 1219 2574 Virgilius
1234 2549 1244 2566 ,
1274 2526 1364 2562 alias
1385 2526 1502 2562 cliens

879 2580 1087 2622 Pollionis,
1115 2580 1321 2617 AntOuiani
1337 2607 1349 2623 ,
1379 2579 1501 2629 qualis
