<?xml version="1.0" encoding="UTF-8"?>
<!DOCTYPE html PUBLIC "-//W3C//DTD XHTML 1.0 Transitional//EN"
    "http://www.w3.org/TR/xhtml1/DTD/xhtml1-transitional.dtd">
<html xmlns="http://www.w3.org/1999/xhtml" xml:lang="en" lang="en">
 <head>
  <title>
</title>
<meta http-equiv="Content-Type" content="text/html;charset=utf-8" />
  <meta name='ocr-system' content='tesseract 3.04.00' />
  <meta name='ocr-capabilities' content='ocr_page ocr_carea ocr_par ocr_line ocrx_word'/>
</head>
<body>
  <div class='ocr_page' id='page_1' title='image "./lexiconquintilia03bonnuoft_0033.png"; bbox 0 0 1586 2990; ppageno 0'>
   <div class='ocr_carea' id='block_1_1' title="bbox 380 178 1485 235">
    <p class='ocr_par' dir='ltr' id='par_1_1' title="bbox 380 178 1485 235">
     <span class='ocr_line' id='line_1_1' title="bbox 380 178 1485 235; baseline -0.012 -3"><span class='ocrx_word' id='word_1_1' title='bbox 380 183 547 232; x_wconf 88' lang='lat' dir='ltr'><strong>INST.</strong></span> <span class='ocrx_word' id='word_1_2' title='bbox 589 181 866 230; x_wconf 82' lang='lat' dir='ltr'><strong>ORATOR.</strong></span> <span class='ocrx_word' id='word_1_3' title='bbox 903 181 1024 227; x_wconf 91' lang='lat' dir='ltr'><strong>LIB.</strong></span> <span class='ocrx_word' id='word_1_4' title='bbox 1059 178 1166 235; x_wconf 85' lang='lat' dir='ltr'><strong>VII,</strong></span> <span class='ocrx_word' id='word_1_5' title='bbox 1207 183 1250 224; x_wconf 62' lang='grc' dir='ltr'>ιζ</span> <span class='ocrx_word' id='word_1_6' title='bbox 1422 183 1485 229; x_wconf 88' lang='lat'>15</span> 
     </span>
    </p>
   </div>
   <div class='ocr_carea' id='block_1_2' title="bbox 84 302 1553 1068">
    <p class='ocr_par' dir='ltr' id='par_1_2' title="bbox 84 302 1553 1068">
     <span class='ocr_line' id='line_1_2' title="bbox 84 302 1549 379; baseline -0.008 -17"><span class='ocrx_word' id='word_1_7' title='bbox 84 367 87 371; x_wconf 58' lang='grc'>,</span> <span class='ocrx_word' id='word_1_8' title='bbox 146 310 279 379; x_wconf 86' lang='lat' dir='ltr'>quid</span> <span class='ocrx_word' id='word_1_9' title='bbox 309 327 526 377; x_wconf 85' lang='lat' dir='ltr'>quoque</span> <span class='ocrx_word' id='word_1_10' title='bbox 555 309 676 359; x_wconf 94' lang='lat' dir='ltr'>loco</span> <span class='ocrx_word' id='word_1_11' title='bbox 708 302 890 356; x_wconf 59' lang='lat' dir='ltr'>diluet.</span> <span class='ocrx_word' id='word_1_12' title='bbox 969 303 1132 376; x_wconf 82' lang='lat' dir='ltr'>Quod</span> <span class='ocrx_word' id='word_1_13' title='bbox 1157 306 1388 371; x_wconf 78' lang='lat' dir='ltr'><strong>pertinet</strong></span> <span class='ocrx_word' id='word_1_14' title='bbox 1420 303 1485 375; x_wconf 65' lang='lat'>³51</span> <span class='ocrx_word' id='word_1_15' title='bbox 1502 326 1549 349; x_wconf 86' lang='grc' dir='ltr'>ιο</span> 
     </span>
     <span class='ocr_line' id='line_1_3' title="bbox 146 379 1486 452; baseline -0.007 -14"><span class='ocrx_word' id='word_1_16' title='bbox 146 399 393 446; x_wconf 82' lang='lat' dir='ltr'>actorem,</span> <span class='ocrx_word' id='word_1_17' title='bbox 417 404 529 436; x_wconf 90' lang='lat' dir='ltr'>non</span> <span class='ocrx_word' id='word_1_18' title='bbox 550 387 706 452; x_wconf 84' lang='lat' dir='ltr'>plane</span> <span class='ocrx_word' id='word_1_19' title='bbox 729 382 970 434; x_wconf 71' lang='lat' dir='ltr'>diffentio</span> <span class='ocrx_word' id='word_1_20' title='bbox 999 396 1027 430; x_wconf 84' lang='lat' dir='ltr'>a</span> <span class='ocrx_word' id='word_1_21' title='bbox 1050 382 1219 441; x_wconf 81' lang='lat' dir='ltr'>Celso,</span> <span class='ocrx_word' id='word_1_22' title='bbox 1245 384 1355 448; x_wconf 89' lang='lat' dir='ltr'>qui,</span> <span class='ocrx_word' id='word_1_23' title='bbox 1380 379 1486 430; x_wconf 83' lang='lat' dir='ltr'>fine</span> 
     </span>
     <span class='ocr_line' id='line_1_4' title="bbox 148 458 1488 521; baseline -0.007 -5"><span class='ocrx_word' id='word_1_24' title='bbox 148 466 318 516; x_wconf 84' lang='lat' dir='ltr'>dubio</span> <span class='ocrx_word' id='word_1_25' title='bbox 343 466 655 521; x_wconf 80' lang='lat' dir='ltr'>Ciceronem</span> <span class='ocrx_word' id='word_1_26' title='bbox 687 460 921 520; x_wconf 77' lang='lat' dir='ltr'>secutus,</span> <span class='ocrx_word' id='word_1_27' title='bbox 959 458 1114 508; x_wconf 85' lang='lat' dir='ltr'>instat</span> <span class='ocrx_word' id='word_1_28' title='bbox 1145 471 1322 509; x_wconf 86' lang='lat' dir='ltr'>tamen</span> <span class='ocrx_word' id='word_1_29' title='bbox 1356 460 1488 509; x_wconf 86' lang='lat' dir='ltr'>huic</span> 
     </span>
     <span class='ocr_line' id='line_1_5' title="bbox 147 536 1488 610; baseline -0.005 -19"><span class='ocrx_word' id='word_1_30' title='bbox 147 544 286 610; x_wconf 83' lang='lat' dir='ltr'>parti</span> <span class='ocrx_word' id='word_1_31' title='bbox 314 540 712 598; x_wconf 79' lang='lat' dir='ltr'>vehementius,</span> <span class='ocrx_word' id='word_1_32' title='bbox 751 542 812 589; x_wconf 81' lang='lat' dir='ltr'>ut</span> <span class='ocrx_word' id='word_1_33' title='bbox 841 547 1018 605; x_wconf 87' lang='lat' dir='ltr'>putet,</span> <span class='ocrx_word' id='word_1_34' title='bbox 1059 540 1236 603; x_wconf 85' lang='lat' dir='ltr'>primo</span> <span class='ocrx_word' id='word_1_35' title='bbox 1271 536 1488 586; x_wconf 86' lang='lat' dir='ltr'>firmum</span> 
     </span>
     <span class='ocr_line' id='line_1_6' title="bbox 150 614 1488 684; baseline -0.005 -15"><span class='ocrx_word' id='word_1_36' title='bbox 150 618 354 684; x_wconf 76' lang='lat' dir='ltr'>aliquid.</span> <span class='ocrx_word' id='word_1_37' title='bbox 380 616 478 667; x_wconf 80' lang='lat' dir='ltr'>effe</span> <span class='ocrx_word' id='word_1_38' title='bbox 506 617 847 684; x_wconf 79' lang='lat' dir='ltr'>ponendum,</span> <span class='ocrx_word' id='word_1_39' title='bbox 883 614 1092 665; x_wconf 83' lang='lat' dir='ltr'>summo</span> <span class='ocrx_word' id='word_1_40' title='bbox 1126 614 1488 671; x_wconf 75' lang='lat' dir='ltr'>fimfiffimum,</span> 
     </span>
     <span class='ocr_line' id='line_1_7' title="bbox 147 690 1488 759; baseline -0.004 -13"><span class='ocrx_word' id='word_1_41' title='bbox 147 697 499 747; x_wconf 85' lang='lat' dir='ltr'>imbecilliora</span> <span class='ocrx_word' id='word_1_42' title='bbox 519 693 727 743; x_wconf 84' lang='lat' dir='ltr'>medio:</span> <span class='ocrx_word' id='word_1_43' title='bbox 770 695 892 759; x_wconf 85' lang='lat' dir='ltr'>quia</span> <span class='ocrx_word' id='word_1_44' title='bbox 915 703 967 742; x_wconf 83' lang='lat' dir='ltr'>et</span> <span class='ocrx_word' id='word_1_45' title='bbox 994 693 1152 743; x_wconf 87' lang='lat' dir='ltr'>initio</span> <span class='ocrx_word' id='word_1_46' title='bbox 1185 690 1488 742; x_wconf 86' lang='lat' dir='ltr'>movendus</span> 
     </span>
     <span class='ocr_line' id='line_1_8' title="bbox 149 770 1553 836; baseline -0.006 -13"><span class='ocrx_word' id='word_1_47' title='bbox 149 773 211 824; x_wconf 75' lang='lat' dir='ltr'>lit</span> <span class='ocrx_word' id='word_1_48' title='bbox 251 773 438 835; x_wconf 76' lang='lat' dir='ltr'>judex,</span> <span class='ocrx_word' id='word_1_49' title='bbox 486 782 538 820; x_wconf 85' lang='lat' dir='ltr'>et</span> <span class='ocrx_word' id='word_1_50' title='bbox 574 770 787 820; x_wconf 80' lang='lat' dir='ltr'>summo</span> <span class='ocrx_word' id='word_1_51' title='bbox 829 770 1199 836; x_wconf 83' lang='lat' dir='ltr'>impellendus.</span> <span class='ocrx_word' id='word_1_52' title='bbox 1283 772 1352 818; x_wconf 83' lang='lat' dir='ltr'>At</span> <span class='ocrx_word' id='word_1_53' title='bbox 1390 785 1553 834; x_wconf 76' lang='lat' dir='ltr'>prou</span> 
     </span>
     <span class='ocr_line' id='line_1_9' title="bbox 151 846 1494 915; baseline -0.004 -16"><span class='ocrx_word' id='word_1_54' title='bbox 151 867 246 899; x_wconf 80' lang='lat' dir='ltr'>reo</span> <span class='ocrx_word' id='word_1_55' title='bbox 292 851 613 915; x_wconf 86' lang='lat' dir='ltr'>plerumque</span> <span class='ocrx_word' id='word_1_56' title='bbox 673 846 1026 914; x_wconf 83' lang='lat' dir='ltr'>gravissimum</span> <span class='ocrx_word' id='word_1_57' title='bbox 1089 847 1330 913; x_wconf 75' lang='lat' dir='ltr'>quidque</span> <span class='ocrx_word' id='word_1_58' title='bbox 1382 847 1494 912; x_wconf 85' lang='lat' dir='ltr'>pri-</span> 
     </span>
     <span class='ocr_line' id='line_1_10' title="bbox 153 923 1496 989; baseline -0.004 -12"><span class='ocrx_word' id='word_1_59' title='bbox 153 943 304 977; x_wconf 86' lang='lat' dir='ltr'>mum</span> <span class='ocrx_word' id='word_1_60' title='bbox 325 925 657 986; x_wconf 82' lang='lat' dir='ltr'>movendum</span> <span class='ocrx_word' id='word_1_61' title='bbox 685 923 772 982; x_wconf 82' lang='lat' dir='ltr'>est,</span> <span class='ocrx_word' id='word_1_62' title='bbox 809 942 878 973; x_wconf 88' lang='lat' dir='ltr'>ne</span> <span class='ocrx_word' id='word_1_63' title='bbox 903 923 1046 972; x_wconf 81' lang='lat' dir='ltr'>illud.</span> <span class='ocrx_word' id='word_1_64' title='bbox 1071 923 1306 989; x_wconf 78' lang='lat' dir='ltr'>spectans</span> <span class='ocrx_word' id='word_1_65' title='bbox 1333 923 1496 984; x_wconf 76' lang='lat' dir='ltr'>judex</span> 
     </span>
     <span class='ocr_line' id='line_1_11' title="bbox 152 999 1497 1068; baseline -0.004 -16"><span class='ocrx_word' id='word_1_66' title='bbox 152 1004 484 1068; x_wconf 85' lang='lat' dir='ltr'>reliquorum</span> <span class='ocrx_word' id='word_1_67' title='bbox 509 1000 807 1050; x_wconf 74' lang='lat' dir='ltr'>defensioni</span> <span class='ocrx_word' id='word_1_68' title='bbox 834 999 895 1048; x_wconf 85' lang='lat' dir='ltr'>fit</span> <span class='ocrx_word' id='word_1_69' title='bbox 930 999 1210 1050; x_wconf 83' lang='lat' dir='ltr'>adverfior.</span> <span class='ocrx_word' id='word_1_70' title='bbox 1273 1002 1497 1052; x_wconf 69' lang='lat' dir='ltr'>,Interim</span> 
     </span>
    </p>
   </div>
   <div class='ocr_carea' id='block_1_3' title="bbox 138 1121 1505 2130">
    <p class='ocr_par' dir='ltr' id='par_1_3' title="bbox 152 1121 1503 1566">
     <span class='ocr_line' id='line_1_12' title="bbox 238 1121 1497 1175; baseline -0.002 -16"><span class='ocrx_word' id='word_1_71' title='bbox 238 1123 328 1175; x_wconf 79' lang='lat' dir='ltr'>quid</span> <span class='ocrx_word' id='word_1_72' title='bbox 355 1136 511 1174; x_wconf 79' lang='lat' dir='ltr'>quoque.</span> <span class='ocrx_word' id='word_1_73' title='bbox 570 1122 698 1159; x_wconf 83' lang='lat' dir='ltr'>Guelf.</span> <span class='ocrx_word' id='word_1_74' title='bbox 729 1135 764 1173; x_wconf 83' lang='lat' dir='ltr'>q.</span> <span class='ocrx_word' id='word_1_75' title='bbox 788 1136 946 1173; x_wconf 79' lang='lat' dir='ltr'>quoquo.</span> <span class='ocrx_word' id='word_1_76' title='bbox 988 1122 1107 1172; x_wconf 78' lang='lat' dir='ltr'>„quid</span> <span class='ocrx_word' id='word_1_77' title='bbox 1129 1136 1200 1172; x_wconf 84' lang='lat' dir='ltr'>quo</span> <span class='ocrx_word' id='word_1_78' title='bbox 1222 1142 1275 1151; x_wconf 90' lang='lat'>——</span> <span class='ocrx_word' id='word_1_79' title='bbox 1299 1121 1497 1157; x_wconf 71' lang='lat' dir='ltr'>manifeste</span> 
     </span>
     <span class='ocr_line' id='line_1_13' title="bbox 152 1179 1498 1229; baseline -0.004 -12"><span class='ocrx_word' id='word_1_80' title='bbox 152 1181 320 1225; x_wconf 80' lang='lat' dir='ltr'>„habuit</span> <span class='ocrx_word' id='word_1_81' title='bbox 334 1179 570 1226; x_wconf 74' lang='lat' dir='ltr'>(Vallenfis),</span> <span class='ocrx_word' id='word_1_82' title='bbox 584 1179 678 1216; x_wconf 86' lang='lat' dir='ltr'>licet</span> <span class='ocrx_word' id='word_1_83' title='bbox 689 1180 828 1216; x_wconf 84' lang='lat' dir='ltr'>sciolus</span> <span class='ocrx_word' id='word_1_84' title='bbox 846 1180 1041 1228; x_wconf 80' lang='lat' dir='ltr'>quispiam</span> <span class='ocrx_word' id='word_1_85' title='bbox 1056 1179 1358 1229; x_wconf 80' lang='lat' dir='ltr'>superscripserit</span> <span class='ocrx_word' id='word_1_86' title='bbox 1379 1189 1498 1229; x_wconf 75' lang='lat' dir='ltr'>quove</span> 
     </span>
     <span class='ocr_line' id='line_1_14' title="bbox 153 1235 1496 1285; baseline -0.004 -10"><span class='ocrx_word' id='word_1_87' title='bbox 153 1240 263 1281; x_wconf 82' lang='lat' dir='ltr'>„loco</span> <span class='ocrx_word' id='word_1_88' title='bbox 288 1242 388 1273; x_wconf 84' lang='lat' dir='ltr'>etc.“</span> <span class='ocrx_word' id='word_1_89' title='bbox 414 1235 573 1272; x_wconf 82' lang='lat' dir='ltr'>Badius.</span> <span class='ocrx_word' id='word_1_90' title='bbox 607 1237 669 1272; x_wconf 87' lang='lat' dir='ltr'>Sic</span> <span class='ocrx_word' id='word_1_91' title='bbox 684 1247 836 1285; x_wconf 83' lang='lat' dir='ltr'>praeter</span> <span class='ocrx_word' id='word_1_92' title='bbox 854 1237 981 1285; x_wconf 87' lang='lat' dir='ltr'>ipsum</span> <span class='ocrx_word' id='word_1_93' title='bbox 1005 1237 1154 1285; x_wconf 79' lang='lat' dir='ltr'>Gryph.</span> <span class='ocrx_word' id='word_1_94' title='bbox 1180 1239 1302 1272; x_wconf 83' lang='lat' dir='ltr'>Stoer.</span> <span class='ocrx_word' id='word_1_95' title='bbox 1329 1237 1496 1272; x_wconf 84' lang='lat' dir='ltr'>Chouet.</span> 
     </span>
     <span class='ocr_line' id='line_1_15' title="bbox 153 1291 1500 1343; baseline -0.004 -12"><span class='ocrx_word' id='word_1_96' title='bbox 153 1295 306 1343; x_wconf 81' lang='lat' dir='ltr'>aliquot</span> <span class='ocrx_word' id='word_1_97' title='bbox 335 1293 438 1342; x_wconf 80' lang='lat' dir='ltr'>apud</span> <span class='ocrx_word' id='word_1_98' title='bbox 463 1294 599 1328; x_wconf 84' lang='lat' dir='ltr'>Burm.</span> <span class='ocrx_word' id='word_1_99' title='bbox 632 1304 669 1329; x_wconf 86' lang='lat' dir='ltr'>et</span> <span class='ocrx_word' id='word_1_100' title='bbox 700 1295 747 1328; x_wconf 78' lang='lat' dir='ltr'>sic</span> <span class='ocrx_word' id='word_1_101' title='bbox 779 1291 992 1341; x_wconf 84' lang='lat' dir='ltr'>legendum</span> <span class='ocrx_word' id='word_1_102' title='bbox 1024 1294 1095 1327; x_wconf 78' lang='lat' dir='ltr'>ess&#39;e</span> <span class='ocrx_word' id='word_1_103' title='bbox 1118 1294 1223 1341; x_wconf 80' lang='lat' dir='ltr'>saepe</span> <span class='ocrx_word' id='word_1_104' title='bbox 1247 1294 1438 1329; x_wconf 70' lang='lat' dir='ltr'>monuisse</span> <span class='ocrx_word' id='word_1_105' title='bbox 1464 1292 1500 1326; x_wconf 72' lang='lat' dir='ltr'>so</span> 
     </span>
     <span class='ocr_line' id='line_1_16' title="bbox 153 1348 1498 1398; baseline -0.004 -11"><span class='ocrx_word' id='word_1_106' title='bbox 153 1362 282 1387; x_wconf 80' lang='lat' dir='ltr'>narrat</span> <span class='ocrx_word' id='word_1_107' title='bbox 305 1350 460 1398; x_wconf 81' lang='lat' dir='ltr'>Regius.</span> <span class='ocrx_word' id='word_1_108' title='bbox 505 1351 709 1397; x_wconf 69' lang='lat' dir='ltr'>Pei-peram</span> <span class='ocrx_word' id='word_1_109' title='bbox 736 1348 805 1384; x_wconf 90' lang='lat' dir='ltr'>ille</span> <span class='ocrx_word' id='word_1_110' title='bbox 828 1350 995 1384; x_wconf 86' lang='lat' dir='ltr'>monuit.</span> <span class='ocrx_word' id='word_1_111' title='bbox 1039 1350 1086 1384; x_wconf 83' lang='lat' dir='ltr'>cf.</span> <span class='ocrx_word' id='word_1_112' title='bbox 1114 1365 1147 1390; x_wconf 86' lang='lat'>1,</span> <span class='ocrx_word' id='word_1_113' title='bbox 1172 1350 1208 1390; x_wconf 81' lang='lat'>6,</span> <span class='ocrx_word' id='word_1_114' title='bbox 1239 1351 1300 1386; x_wconf 78' lang='lat'>16.</span> <span class='ocrx_word' id='word_1_115' title='bbox 1336 1363 1368 1391; x_wconf 80' lang='grc' dir='ltr'>ι,</span> <span class='ocrx_word' id='word_1_116' title='bbox 1397 1357 1433 1394; x_wconf 82' lang='lat'>8,</span> <span class='ocrx_word' id='word_1_117' title='bbox 1463 1363 1498 1382; x_wconf 87' lang='lat'>1.</span> 
     </span>
     <span class='ocr_line' id='line_1_17' title="bbox 157 1405 1501 1454; baseline 0 -15"><span class='ocrx_word' id='word_1_118' title='bbox 157 1415 194 1453; x_wconf 75' lang='grc'>4,</span> <span class='ocrx_word' id='word_1_119' title='bbox 219 1419 255 1449; x_wconf 84' lang='lat'>2,</span> <span class='ocrx_word' id='word_1_120' title='bbox 278 1414 342 1450; x_wconf 80' lang='lat'>53.</span> <span class='ocrx_word' id='word_1_121' title='bbox 375 1417 597 1454; x_wconf 84' lang='lat' dir='ltr'>quanquam</span> <span class='ocrx_word' id='word_1_122' title='bbox 618 1406 677 1441; x_wconf 85' lang='lat' dir='ltr'>ibi</span> <span class='ocrx_word' id='word_1_123' title='bbox 694 1405 753 1441; x_wconf 88' lang='lat' dir='ltr'>nil</span> <span class='ocrx_word' id='word_1_124' title='bbox 774 1406 972 1441; x_wconf 74' lang='lat' dir='ltr'>varietatis</span> <span class='ocrx_word' id='word_1_125' title='bbox 984 1406 1027 1440; x_wconf 90' lang='lat' dir='ltr'>in</span> <span class='ocrx_word' id='word_1_126' title='bbox 1046 1405 1295 1447; x_wconf 85' lang='lat' dir='ltr'>melioribus,</span> <span class='ocrx_word' id='word_1_127' title='bbox 1318 1407 1411 1442; x_wconf 86' lang='lat' dir='ltr'>item</span> <span class='ocrx_word' id='word_1_128' title='bbox 1433 1406 1501 1440; x_wconf 81' lang='lat' dir='ltr'>hie</span> 
     </span>
     <span class='ocr_line' id='line_1_18' title="bbox 156 1462 1503 1515; baseline -0.001 -16"><span class='ocrx_word' id='word_1_129' title='bbox 156 1467 190 1511; x_wconf 84' lang='lat'>§.</span> <span class='ocrx_word' id='word_1_130' title='bbox 216 1465 280 1508; x_wconf 75' lang='lat'>64.</span> <span class='ocrx_word' id='word_1_131' title='bbox 304 1473 342 1506; x_wconf 87' lang='lat'>7,</span> <span class='ocrx_word' id='word_1_132' title='bbox 369 1474 406 1503; x_wconf 88' lang='lat'>2,</span> <span class='ocrx_word' id='word_1_133' title='bbox 433 1470 495 1505; x_wconf 77' lang='lat'>57.</span> <span class='ocrx_word' id='word_1_134' title='bbox 554 1462 718 1497; x_wconf 80' lang='lat' dir='ltr'>Erudite</span> <span class='ocrx_word' id='word_1_135' title='bbox 743 1462 790 1497; x_wconf 82' lang='lat' dir='ltr'>de</span> <span class='ocrx_word' id='word_1_136' title='bbox 820 1463 932 1498; x_wconf 79' lang='lat' dir='ltr'>vario</span> <span class='ocrx_word' id='word_1_137' title='bbox 957 1466 1021 1498; x_wconf 71' lang='grc' dir='ltr'>τοῦ</span> <span class='ocrx_word' id='word_1_138' title='bbox 1047 1464 1199 1512; x_wconf 77' lang='lat' dir='ltr'>quisque</span> <span class='ocrx_word' id='word_1_139' title='bbox 1229 1464 1297 1499; x_wconf 82' lang='lat' dir='ltr'>usu</span> <span class='ocrx_word' id='word_1_140' title='bbox 1329 1464 1503 1515; x_wconf 79' lang='lat' dir='ltr'>disputat</span> 
     </span>
     <span class='ocr_line' id='line_1_19' title="bbox 155 1517 1454 1566; baseline -0.002 -11"><span class='ocrx_word' id='word_1_141' title='bbox 155 1522 187 1557; x_wconf 93' lang='lat'>1.</span> <span class='ocrx_word' id='word_1_142' title='bbox 209 1521 259 1555; x_wconf 92' lang='lat' dir='ltr'>H.</span> <span class='ocrx_word' id='word_1_143' title='bbox 284 1519 436 1557; x_wconf 76' lang='lat' dir='ltr'>Vossius</span> <span class='ocrx_word' id='word_1_144' title='bbox 458 1517 504 1552; x_wconf 79' lang='lat' dir='ltr'>ad</span> <span class='ocrx_word' id='word_1_145' title='bbox 527 1518 638 1566; x_wconf 87' lang='lat' dir='ltr'>Virg.</span> <span class='ocrx_word' id='word_1_146' title='bbox 662 1518 744 1553; x_wconf 85' lang='lat' dir='ltr'>Ecl.</span> <span class='ocrx_word' id='word_1_147' title='bbox 769 1527 805 1561; x_wconf 83' lang='lat'>5.</span> <span class='ocrx_word' id='word_1_148' title='bbox 831 1530 926 1554; x_wconf 82' lang='lat' dir='ltr'>extr.</span> <span class='ocrx_word' id='word_1_149' title='bbox 953 1533 991 1566; x_wconf 84' lang='lat' dir='ltr'>p.</span> <span class='ocrx_word' id='word_1_150' title='bbox 1019 1527 1107 1562; x_wconf 86' lang='lat'>155.</span> <span class='ocrx_word' id='word_1_151' title='bbox 1449 1559 1454 1565; x_wconf 29' lang='grc' dir='ltr'>ι</span> 
     </span>
    </p>

    <p class='ocr_par' dir='ltr' id='par_1_4' title="bbox 155 1574 1504 1964">
     <span class='ocr_line' id='line_1_20' title="bbox 246 1574 1503 1612; baseline 0 0"><span class='ocrx_word' id='word_1_152' title='bbox 246 1589 307 1612; x_wconf 79' lang='grc' dir='ltr'>ιο.</span> <span class='ocrx_word' id='word_1_153' title='bbox 348 1575 398 1610; x_wconf 82' lang='lat' dir='ltr'>acl</span> <span class='ocrx_word' id='word_1_154' title='bbox 427 1583 598 1609; x_wconf 81' lang='lat' dir='ltr'>actorem.</span> <span class='ocrx_word' id='word_1_155' title='bbox 659 1575 791 1610; x_wconf 75' lang='lat' dir='ltr'>Turic.</span> <span class='ocrx_word' id='word_1_156' title='bbox 827 1574 954 1610; x_wconf 85' lang='lat' dir='ltr'>Guelf.</span> <span class='ocrx_word' id='word_1_157' title='bbox 989 1576 1177 1610; x_wconf 78' lang='lat' dir='ltr'>doctorem</span> <span class='ocrx_word' id='word_1_158' title='bbox 1207 1590 1296 1612; x_wconf 91' lang='lat' dir='ltr'>cum</span> <span class='ocrx_word' id='word_1_159' title='bbox 1327 1575 1431 1612; x_wconf 84' lang='lat' dir='ltr'>Alm.</span> <span class='ocrx_word' id='word_1_160' title='bbox 1465 1586 1503 1612; x_wconf 86' lang='lat' dir='ltr'>et</span> 
     </span>
     <span class='ocr_line' id='line_1_21' title="bbox 158 1629 1503 1680; baseline -0.001 -11"><span class='ocrx_word' id='word_1_161' title='bbox 158 1633 243 1669; x_wconf 82' lang='lat' dir='ltr'>edd.</span> <span class='ocrx_word' id='word_1_162' title='bbox 281 1642 366 1667; x_wconf 85' lang='lat' dir='ltr'>aute</span> <span class='ocrx_word' id='word_1_163' title='bbox 410 1629 497 1665; x_wconf 82' lang='lat' dir='ltr'>Ald.</span> <span class='ocrx_word' id='word_1_164' title='bbox 533 1643 612 1665; x_wconf 84' lang='lat' dir='ltr'>exc.</span> <span class='ocrx_word' id='word_1_165' title='bbox 648 1631 779 1679; x_wconf 79' lang='lat' dir='ltr'>Camp.</span> <span class='ocrx_word' id='word_1_166' title='bbox 834 1632 1073 1680; x_wconf 76' lang='lat' dir='ltr'>Scripturam</span> <span class='ocrx_word' id='word_1_167' title='bbox 1111 1633 1215 1670; x_wconf 77' lang='lat' dir='ltr'>Voss&#39;.</span> <span class='ocrx_word' id='word_1_168' title='bbox 1242 1644 1277 1668; x_wconf 82' lang='lat'>2.</span> <span class='ocrx_word' id='word_1_169' title='bbox 1313 1635 1361 1668; x_wconf 84' lang='lat' dir='ltr'>fic</span> <span class='ocrx_word' id='word_1_170' title='bbox 1393 1643 1503 1668; x_wconf 83' lang='lat' dir='ltr'>notat</span> 
     </span>
     <span class='ocr_line' id='line_1_22' title="bbox 156 1687 1502 1738; baseline -0.001 -13"><span class='ocrx_word' id='word_1_171' title='bbox 156 1691 292 1725; x_wconf 82' lang='lat' dir='ltr'>Burin.</span> <span class='ocrx_word' id='word_1_172' title='bbox 305 1687 395 1729; x_wconf 80' lang='lat' dir='ltr'>„Ad</span> <span class='ocrx_word' id='word_1_173' title='bbox 405 1687 602 1722; x_wconf 79' lang='lat' dir='ltr'>doctorem.</span> <span class='ocrx_word' id='word_1_174' title='bbox 627 1688 824 1722; x_wconf 80' lang='lat' dir='ltr'>Doctorem</span> <span class='ocrx_word' id='word_1_175' title='bbox 837 1687 940 1725; x_wconf 80' lang='lat' dir='ltr'>Voss.</span> <span class='ocrx_word' id='word_1_176' title='bbox 960 1694 1026 1723; x_wconf 84' lang='lat'>2.“</span> <span class='ocrx_word' id='word_1_177' title='bbox 1042 1688 1110 1723; x_wconf 82' lang='lat' dir='ltr'>ubi</span> <span class='ocrx_word' id='word_1_178' title='bbox 1121 1689 1364 1724; x_wconf 76' lang='lat' dir='ltr'>manifestum</span> <span class='ocrx_word' id='word_1_179' title='bbox 1378 1689 1502 1738; x_wconf 74' lang='lat' dir='ltr'>sphal-</span> 
     </span>
     <span class='ocr_line' id='line_1_23' title="bbox 155 1743 1504 1795; baseline 0.001 -15"><span class='ocrx_word' id='word_1_180' title='bbox 155 1759 230 1787; x_wconf 85' lang='lat' dir='ltr'>ma,</span> <span class='ocrx_word' id='word_1_181' title='bbox 261 1758 350 1780; x_wconf 82' lang='lat' dir='ltr'>nam</span> <span class='ocrx_word' id='word_1_182' title='bbox 369 1755 439 1791; x_wconf 82' lang='lat' dir='ltr'>nec</span> <span class='ocrx_word' id='word_1_183' title='bbox 463 1743 587 1795; x_wconf 34' lang='lat' dir='ltr'>Gotht</span> <span class='ocrx_word' id='word_1_184' title='bbox 604 1743 703 1782; x_wconf 78' lang='lat' dir='ltr'>Vall.</span> <span class='ocrx_word' id='word_1_185' title='bbox 729 1757 747 1778; x_wconf 84' lang='lat' dir='ltr'>a</span> <span class='ocrx_word' id='word_1_186' title='bbox 772 1744 900 1780; x_wconf 86' lang='lat' dir='ltr'>nostro</span> <span class='ocrx_word' id='word_1_187' title='bbox 923 1745 1120 1780; x_wconf 80' lang='lat' dir='ltr'>recedunt.</span> <span class='ocrx_word' id='word_1_188' title='bbox 1152 1746 1298 1793; x_wconf 82' lang='lat' dir='ltr'>Regius</span> <span class='ocrx_word' id='word_1_189' title='bbox 1321 1747 1504 1795; x_wconf 82' lang='lat' dir='ltr'>priorum</span> 
     </span>
     <span class='ocr_line' id='line_1_24' title="bbox 157 1796 1501 1852; baseline 0 -14"><span class='ocrx_word' id='word_1_190' title='bbox 157 1800 403 1852; x_wconf 81' lang='lat' dir='ltr'>quorundam</span> <span class='ocrx_word' id='word_1_191' title='bbox 427 1799 710 1835; x_wconf 85' lang='lat' dir='ltr'>correctionem</span> <span class='ocrx_word' id='word_1_192' title='bbox 734 1796 930 1849; x_wconf 77' lang='lat' dir='ltr'>probavit.</span> <span class='ocrx_word' id='word_1_193' title='bbox 1061 1803 1134 1837; x_wconf 83' lang='lat' dir='ltr'>Cic.</span> <span class='ocrx_word' id='word_1_194' title='bbox 1159 1801 1233 1850; x_wconf 81' lang='lat' dir='ltr'>sec.</span> <span class='ocrx_word' id='word_1_195' title='bbox 1277 1804 1340 1837; x_wconf 87' lang='lat' dir='ltr'>Sic</span> <span class='ocrx_word' id='word_1_196' title='bbox 1365 1802 1501 1848; x_wconf 82' lang='lat' dir='ltr'>Turio.</span> 
     </span>
     <span class='ocr_line' id='line_1_25' title="bbox 157 1851 1502 1907; baseline 0.001 -13"><span class='ocrx_word' id='word_1_197' title='bbox 157 1869 179 1894; x_wconf 74' lang='lat' dir='ltr'><strong>a</strong></span> <span class='ocrx_word' id='word_1_198' title='bbox 198 1873 255 1907; x_wconf 89' lang='lat' dir='ltr'>pr.</span> <span class='ocrx_word' id='word_1_199' title='bbox 279 1870 407 1892; x_wconf 85' lang='lat' dir='ltr'>manu.</span> <span class='ocrx_word' id='word_1_200' title='bbox 449 1855 611 1904; x_wconf 80' lang='lat' dir='ltr'>Reliqui</span> <span class='ocrx_word' id='word_1_201' title='bbox 631 1857 805 1892; x_wconf 83' lang='lat' dir='ltr'>inserunt</span> <span class='ocrx_word' id='word_1_202' title='bbox 825 1854 885 1905; x_wconf 76' lang='lat' dir='ltr'>est.</span> <span class='ocrx_word' id='word_1_203' title='bbox 974 1857 1326 1907; x_wconf 84' lang='lat' dir='ltr'>medio—summo.</span> <span class='ocrx_word' id='word_1_204' title='bbox 1367 1851 1502 1896; x_wconf 65' lang='lat' dir='ltr'>Tui’iC.</span> 
     </span>
     <span class='ocr_line' id='line_1_26' title="bbox 159 1911 940 1964; baseline -0.003 -13"><span class='ocrx_word' id='word_1_205' title='bbox 159 1916 292 1964; x_wconf 82' lang='lat' dir='ltr'>Camp.</span> <span class='ocrx_word' id='word_1_206' title='bbox 326 1913 448 1948; x_wconf 78' lang='lat' dir='ltr'>media</span> <span class='ocrx_word' id='word_1_207' title='bbox 470 1929 527 1939; x_wconf 86' lang='lat'>-—</span> <span class='ocrx_word' id='word_1_208' title='bbox 547 1911 696 1961; x_wconf 83' lang='lat' dir='ltr'>summa</span> <span class='ocrx_word' id='word_1_209' title='bbox 719 1927 815 1949; x_wconf 74' lang='lat' dir='ltr'>cum</span> <span class='ocrx_word' id='word_1_210' title='bbox 837 1912 940 1949; x_wconf 82' lang='lat' dir='ltr'>Alm.</span> 
     </span>
    </p>

    <p class='ocr_par' dir='ltr' id='par_1_5' title="bbox 138 1968 1505 2130">
     <span class='ocr_line' id='line_1_27' title="bbox 248 1968 1505 2021; baseline 0 -15"><span class='ocrx_word' id='word_1_211' title='bbox 248 1985 311 2006; x_wconf 83' lang='lat'>11.</span> <span class='ocrx_word' id='word_1_212' title='bbox 356 1968 551 2019; x_wconf 80' lang='lat' dir='ltr'>adversior.</span> <span class='ocrx_word' id='word_1_213' title='bbox 612 1969 676 2005; x_wconf 87' lang='lat' dir='ltr'>Sic</span> <span class='ocrx_word' id='word_1_214' title='bbox 701 1971 833 2019; x_wconf 63' lang='lat' dir='ltr'>Camp⁴</span> <span class='ocrx_word' id='word_1_215' title='bbox 876 1969 1040 2019; x_wconf 83' lang='lat' dir='ltr'>Reliqui</span> <span class='ocrx_word' id='word_1_216' title='bbox 1062 1969 1232 2021; x_wconf 83' lang='lat' dir='ltr'>averfior.</span> <span class='ocrx_word' id='word_1_217' title='bbox 1273 1971 1505 2007; x_wconf 82' lang='lat' dir='ltr'>Posterioris</span> 
     </span>
     <span class='ocr_line' id='line_1_28' title="bbox 138 2025 1505 2076; baseline 0 -14"><span class='ocrx_word' id='word_1_218' title='bbox 138 2026 319 2075; x_wconf 52' lang='lat' dir='ltr'>‘quidem</span> <span class='ocrx_word' id='word_1_219' title='bbox 341 2025 451 2062; x_wconf 84' lang='lat' dir='ltr'>vocis</span> <span class='ocrx_word' id='word_1_220' title='bbox 484 2026 713 2062; x_wconf 76' lang='lat' dir='ltr'>structuram</span> <span class='ocrx_word' id='word_1_221' title='bbox 738 2040 828 2062; x_wconf 89' lang='lat' dir='ltr'>cum</span> <span class='ocrx_word' id='word_1_222' title='bbox 854 2026 988 2063; x_wconf 85' lang='lat' dir='ltr'>dativo</span> <span class='ocrx_word' id='word_1_223' title='bbox 1024 2027 1204 2076; x_wconf 83' lang='lat' dir='ltr'>exemplo</span> <span class='ocrx_word' id='word_1_224' title='bbox 1237 2027 1505 2063; x_wconf 84' lang='lat' dir='ltr'>commendari</span> 
     </span>
     <span class='ocr_line' id='line_1_29' title="bbox 159 2081 966 2130; baseline 0 -12"><span class='ocrx_word' id='word_1_225' title='bbox 159 2082 279 2118; x_wconf 77' lang='lat' dir='ltr'>video</span> <span class='ocrx_word' id='word_1_226' title='bbox 303 2081 426 2118; x_wconf 85' lang='lat' dir='ltr'>nullo.</span> <span class='ocrx_word' id='word_1_227' title='bbox 469 2081 517 2116; x_wconf 80' lang='lat' dir='ltr'>cf.</span> <span class='ocrx_word' id='word_1_228' title='bbox 542 2090 578 2124; x_wconf 76' lang='lat'>4,</span> <span class='ocrx_word' id='word_1_229' title='bbox 602 2093 639 2122; x_wconf 84' lang='lat'>2,</span> <span class='ocrx_word' id='word_1_230' title='bbox 663 2090 727 2125; x_wconf 83' lang='lat'>25.</span> <span class='ocrx_word' id='word_1_231' title='bbox 771 2090 808 2126; x_wconf 78' lang='grc'>4,</span> <span class='ocrx_word' id='word_1_232' title='bbox 837 2091 873 2126; x_wconf 84' lang='grc'>5,</span> <span class='ocrx_word' id='word_1_233' title='bbox 903 2095 966 2130; x_wconf 80' lang='lat'>19·</span> 
     </span>
    </p>
   </div>
   <div class='ocr_carea' id='block_1_4' title="bbox 161 2181 1517 2798">
    <p class='ocr_par' dir='ltr' id='par_1_6' title="bbox 161 2181 1517 2284">
     <span class='ocr_line' id='line_1_30' title="bbox 225 2181 1504 2234; baseline 0.005 -18"><span class='ocrx_word' id='word_1_234' title='bbox 225 2193 288 2219; x_wconf 83' lang='lat' dir='ltr'>to.</span> <span class='ocrx_word' id='word_1_235' title='bbox 351 2195 411 2218; x_wconf 79' lang='lat' dir='ltr'>me</span> <span class='ocrx_word' id='word_1_236' title='bbox 443 2181 555 2217; x_wconf 75' lang='lat' dir='ltr'>dubio</span> <span class='ocrx_word' id='word_1_237' title='bbox 585 2199 641 2211; x_wconf 90' lang='lat'>--</span> <span class='ocrx_word' id='word_1_238' title='bbox 669 2189 805 2220; x_wconf 76' lang='lat' dir='ltr'>tamen.</span> <span class='ocrx_word' id='word_1_239' title='bbox 861 2183 1096 2234; x_wconf 80' lang='lat' dir='ltr'>respondens</span> <span class='ocrx_word' id='word_1_240' title='bbox 1148 2183 1217 2219; x_wconf 80' lang='lat' dir='ltr'>illa</span> <span class='ocrx_word' id='word_1_241' title='bbox 1266 2183 1319 2230; x_wconf 65' lang='grc' dir='ltr'>τῷ</span> <span class='ocrx_word' id='word_1_242' title='bbox 1357 2198 1504 2222; x_wconf 79' lang='lat' dir='ltr'>moven-</span> 
     </span>
     <span class='ocr_line' id='line_1_31' title="bbox 161 2232 1517 2284; baseline -0.001 -8"><span class='ocrx_word' id='word_1_243' title='bbox 161 2240 209 2276; x_wconf 77' lang='lat' dir='ltr'>ef.</span> <span class='ocrx_word' id='word_1_244' title='bbox 244 2240 281 2281; x_wconf 89' lang='lat'>6,</span> <span class='ocrx_word' id='word_1_245' title='bbox 313 2245 349 2284; x_wconf 84' lang='grc'>4,</span> <span class='ocrx_word' id='word_1_246' title='bbox 384 2250 445 2275; x_wconf 79' lang='grc' dir='ltr'>ι2.</span> <span class='ocrx_word' id='word_1_247' title='bbox 860 2240 939 2276; x_wconf 64' lang='lat' dir='ltr'>clus.</span> <span class='ocrx_word' id='word_1_248' title='bbox 1419 2240 1423 2244; x_wconf 83' lang='lat'>&#39;</span> <span class='ocrx_word' id='word_1_249' title='bbox 1510 2232 1517 2248; x_wconf 74' lang='grc'>’</span> 
     </span>
    </p>

    <p class='ocr_par' dir='ltr' id='par_1_7' title="bbox 161 2295 1507 2629">
     <span class='ocr_line' id='line_1_32' title="bbox 215 2295 1506 2347; baseline 0.002 -16"><span class='ocrx_word' id='word_1_250' title='bbox 215 2298 337 2344; x_wconf 78' lang='lat' dir='ltr'>primo</span> <span class='ocrx_word' id='word_1_251' title='bbox 357 2313 412 2324; x_wconf 85' lang='lat'>--</span> <span class='ocrx_word' id='word_1_252' title='bbox 432 2295 564 2332; x_wconf 81' lang='lat' dir='ltr'>medio.</span> <span class='ocrx_word' id='word_1_253' title='bbox 605 2295 652 2333; x_wconf 87' lang='lat' dir='ltr'>cf.</span> <span class='ocrx_word' id='word_1_254' title='bbox 675 2303 711 2340; x_wconf 85' lang='lat'>5,</span> <span class='ocrx_word' id='word_1_255' title='bbox 739 2307 802 2338; x_wconf 81' lang='lat'>12,</span> <span class='ocrx_word' id='word_1_256' title='bbox 920 2308 985 2334; x_wconf 84' lang='lat'>11.</span> <span class='ocrx_word' id='word_1_257' title='bbox 1010 2298 1240 2333; x_wconf 85' lang='lat' dir='ltr'>movendum.</span> <span class='ocrx_word' id='word_1_258' title='bbox 1272 2299 1506 2347; x_wconf 77' lang='lat' dir='ltr'>Quanquam</span> 
     </span>
     <span class='ocr_line' id='line_1_33' title="bbox 166 2351 1503 2402; baseline 0.002 -14"><span class='ocrx_word' id='word_1_259' title='bbox 166 2358 229 2397; x_wconf 80' lang='lat'>14.</span> <span class='ocrx_word' id='word_1_260' title='bbox 258 2353 382 2391; x_wconf 85' lang='lat' dir='ltr'>Versu</span> <span class='ocrx_word' id='word_1_261' title='bbox 400 2351 473 2388; x_wconf 83' lang='lat' dir='ltr'>illo</span> <span class='ocrx_word' id='word_1_262' title='bbox 487 2353 701 2389; x_wconf 85' lang='lat' dir='ltr'>Homerico</span> <span class='ocrx_word' id='word_1_263' title='bbox 725 2354 802 2388; x_wconf 84' lang='lat' dir='ltr'>uti-</span> <span class='ocrx_word' id='word_1_264' title='bbox 858 2352 990 2390; x_wconf 86' lang='lat' dir='ltr'>minus</span> <span class='ocrx_word' id='word_1_265' title='bbox 1013 2353 1165 2402; x_wconf 76' lang='lat' dir='ltr'>elegans</span> <span class='ocrx_word' id='word_1_266' title='bbox 1190 2355 1239 2390; x_wconf 87' lang='lat' dir='ltr'>est</span> <span class='ocrx_word' id='word_1_267' title='bbox 1267 2355 1360 2391; x_wconf 73' lang='lat' dir='ltr'>haee</span> <span class='ocrx_word' id='word_1_268' title='bbox 1383 2357 1503 2391; x_wconf 83' lang='lat' dir='ltr'>modo</span> 
     </span>
     <span class='ocr_line' id='line_1_34' title="bbox 161 2407 1505 2460; baseline 0.003 -17"><span class='ocrx_word' id='word_1_269' title='bbox 161 2418 226 2443; x_wconf 81' lang='lat' dir='ltr'>tur</span> <span class='ocrx_word' id='word_1_270' title='bbox 265 2409 455 2445; x_wconf 80' lang='lat' dir='ltr'>Libanius</span> <span class='ocrx_word' id='word_1_271' title='bbox 487 2407 530 2444; x_wconf 87' lang='lat' dir='ltr'>in</span> <span class='ocrx_word' id='word_1_272' title='bbox 572 2420 801 2458; x_wconf 82' lang='lat' dir='ltr'>argumento</span> <span class='ocrx_word' id='word_1_273' title='bbox 859 2409 1033 2458; x_wconf 79' lang='lat' dir='ltr'>usurpati</span> <span class='ocrx_word' id='word_1_274' title='bbox 1070 2410 1256 2447; x_wconf 82' lang='lat' dir='ltr'>vocabuli</span> <span class='ocrx_word' id='word_1_275' title='bbox 1305 2413 1505 2460; x_wconf 85' lang='lat' dir='ltr'>repetitio,</span> 
     </span>
     <span class='ocr_line' id='line_1_35' title="bbox 161 2464 1505 2516; baseline 0.003 -17"><span class='ocrx_word' id='word_1_276' title='bbox 161 2464 480 2501; x_wconf 80' lang='lat' dir='ltr'>Demosthenicae</span> <span class='ocrx_word' id='word_1_277' title='bbox 519 2478 592 2515; x_wconf 86' lang='lat' dir='ltr'>pro</span> <span class='ocrx_word' id='word_1_278' title='bbox 633 2467 800 2508; x_wconf 72' lang='lat' dir='ltr'>Corona,</span> <span class='ocrx_word' id='word_1_279' title='bbox 858 2467 1042 2516; x_wconf 82' lang='lat' dir='ltr'>potestate</span> <span class='ocrx_word' id='word_1_280' title='bbox 1065 2466 1226 2515; x_wconf 86' lang='lat' dir='ltr'>quidem</span> <span class='ocrx_word' id='word_1_281' title='bbox 1249 2467 1395 2503; x_wconf 70' lang='lat' dir='ltr'>diversa</span> <span class='ocrx_word' id='word_1_282' title='bbox 1429 2468 1505 2513; x_wconf 88' lang='lat' dir='ltr'>(cf.</span> 
     </span>
     <span class='ocr_line' id='line_1_36' title="bbox 162 2520 1507 2568; baseline 0.002 -13"><span class='ocrx_word' id='word_1_283' title='bbox 162 2520 236 2556; x_wconf 88' lang='lat' dir='ltr'>ubi</span> <span class='ocrx_word' id='word_1_284' title='bbox 273 2521 372 2558; x_wconf 86' lang='lat' dir='ltr'>hanc</span> <span class='ocrx_word' id='word_1_285' title='bbox 410 2522 602 2558; x_wconf 77' lang='lat' dir='ltr'>rationem</span> <span class='ocrx_word' id='word_1_286' title='bbox 643 2523 805 2558; x_wconf 71' lang='lat' dir='ltr'>tenuisse</span> <span class='ocrx_word' id='word_1_287' title='bbox 865 2522 901 2564; x_wconf 87' lang='grc'>6,</span> <span class='ocrx_word' id='word_1_288' title='bbox 939 2529 976 2566; x_wconf 83' lang='grc'>4,</span> <span class='ocrx_word' id='word_1_289' title='bbox 1013 2524 1099 2568; x_wconf 83' lang='grc'>5.);</span> <span class='ocrx_word' id='word_1_290' title='bbox 1138 2524 1243 2558; x_wconf 84' lang='lat' dir='ltr'>nihil</span> <span class='ocrx_word' id='word_1_291' title='bbox 1283 2535 1407 2560; x_wconf 86' lang='lat' dir='ltr'>tamen</span> <span class='ocrx_word' id='word_1_292' title='bbox 1439 2525 1507 2559; x_wconf 81' lang='lat' dir='ltr'>hio</span> 
     </span>
     <span class='ocr_line' id='line_1_37' title="bbox 166 2577 1507 2629; baseline 0.001 -17"><span class='ocrx_word' id='word_1_293' title='bbox 166 2577 335 2613; x_wconf 82' lang='lat' dir='ltr'>ostendit</span> <span class='ocrx_word' id='word_1_294' title='bbox 357 2579 562 2614; x_wconf 82' lang='lat' dir='ltr'>oratorem.</span> <span class='ocrx_word' id='word_1_295' title='bbox 861 2579 1148 2619; x_wconf 64' lang='lat' dir='ltr'>renouandum,</span> <span class='ocrx_word' id='word_1_296' title='bbox 1173 2582 1395 2627; x_wconf 82' lang='lat' dir='ltr'>cujusmodi</span> <span class='ocrx_word' id='word_1_297' title='bbox 1410 2579 1507 2629; x_wconf 83' lang='lat' dir='ltr'>quid</span> 
     </span>
    </p>

    <p class='ocr_par' dir='ltr' id='par_1_8' title="bbox 163 2635 1510 2798">
     <span class='ocr_line' id='line_1_38' title="bbox 223 2635 1506 2684; baseline 0.002 -16"><span class='ocrx_word' id='word_1_298' title='bbox 223 2635 476 2682; x_wconf 77' lang='lat' dir='ltr'>impellendus.</span> <span class='ocrx_word' id='word_1_299' title='bbox 534 2636 612 2671; x_wconf 86' lang='lat' dir='ltr'>Hic</span> <span class='ocrx_word' id='word_1_300' title='bbox 644 2636 804 2684; x_wconf 84' lang='lat' dir='ltr'>quidem</span> <span class='ocrx_word' id='word_1_301' title='bbox 863 2646 1060 2670; x_wconf 77' lang='lat' dir='ltr'>tentarunt</span> <span class='ocrx_word' id='word_1_302' title='bbox 1094 2636 1264 2678; x_wconf 78' lang='lat' dir='ltr'>Badius,</span> <span class='ocrx_word' id='word_1_303' title='bbox 1309 2637 1506 2676; x_wconf 67' lang='lat' dir='ltr'>Rolfflxus,</span> 
     </span>
     <span class='ocr_line' id='line_1_39' title="bbox 163 2688 1510 2743; baseline 0.001 -19"><span class='ocrx_word' id='word_1_304' title='bbox 163 2688 281 2738; x_wconf 86' lang='lat' dir='ltr'>longe</span> <span class='ocrx_word' id='word_1_305' title='bbox 316 2692 535 2728; x_wconf 80' lang='lat' dir='ltr'>consuetior</span> <span class='ocrx_word' id='word_1_306' title='bbox 557 2692 669 2730; x_wconf 80' lang='lat' dir='ltr'>verbi</span> <span class='ocrx_word' id='word_1_307' title='bbox 695 2704 805 2741; x_wconf 70' lang='lat' dir='ltr'>pote⁴</span> <span class='ocrx_word' id='word_1_308' title='bbox 864 2692 1063 2728; x_wconf 79' lang='lat' dir='ltr'>Gesnerus.</span> <span class='ocrx_word' id='word_1_309' title='bbox 1141 2694 1510 2743; x_wconf 65' lang='lat' dir='ltr'>lutei-pretationem.</span> 
     </span>
     <span class='ocr_line' id='line_1_40' title="bbox 166 2745 1140 2798; baseline 0.004 -17"><span class='ocrx_word' id='word_1_310' title='bbox 166 2745 246 2787; x_wconf 73' lang='lat' dir='ltr'>fias,</span> <span class='ocrx_word' id='word_1_311' title='bbox 277 2760 393 2796; x_wconf 79' lang='lat' dir='ltr'>quam</span> <span class='ocrx_word' id='word_1_312' title='bbox 423 2755 461 2793; x_wconf 76' lang='lat'>5,</span> <span class='ocrx_word' id='word_1_313' title='bbox 494 2758 531 2794; x_wconf 70' lang='grc'>4,</span> <span class='ocrx_word' id='word_1_314' title='bbox 562 2759 609 2791; x_wconf 84' lang='lat'>2;</span> <span class='ocrx_word' id='word_1_315' title='bbox 650 2750 806 2798; x_wconf 72' lang='lat' dir='ltr'>egregie</span> <span class='ocrx_word' id='word_1_316' title='bbox 861 2759 949 2798; x_wconf 78' lang='lat' dir='ltr'>pete</span> <span class='ocrx_word' id='word_1_317' title='bbox 975 2756 1011 2792; x_wconf 80' lang='lat'>5,</span> <span class='ocrx_word' id='word_1_318' title='bbox 1043 2761 1077 2790; x_wconf 79' lang='grc' dir='ltr'>ι,</span> <span class='ocrx_word' id='word_1_319' title='bbox 1103 2756 1140 2794; x_wconf 79' lang='lat'>3.</span> 
     </span>
    </p>
   </div>
  </div>
 </body>
</html>
