1586 2990
265 286 364 336 418
427 295 431 300 -
575 240 1264 335 M.FAB.QU1NT1L1AN1
1335 319 1337 322 ,

269 399 424 456 aliud·
445 415 592 464 agere
627 397 898 455 videmur,
938 396 1082 446 aliud
1116 394 1392 447 efficimus:
1440 393 1568 443 ficut

265 477 353 524 hic
376 476 562 525 Cicero
592 471 936 537 consequitur,
975 489 1057 530 ne,
1096 487 1214 520 cum
1241 470 1483 521 morbum
1510 470 1568 517 in

267 549 419 615 signis
455 561 607 613 atque
640 548 830 597 tabulis
857 548 1062 607 obiiciat
1091 548 1262 604 Verri,
1306 543 1413 611 ipse
1439 561 1573 609 quo-

267 643 370 691 que
395 641 575 672 earum
600 640 779 673 rerum
803 622 1059 691 studiosus
1084 619 1179 670 effe
1207 620 1458 670 credatur.
1508 621 1572 667 Et

267 698 643 757 Demosthenes
670 699 890 760 jurando
924 715 1017 763 per
1039 695 1338 747 interfectos
1369 696 1427 742 in
1457 695 1573 743 Ma-

269 778 486 823 rathone
514 785 564 822 et
593 776 846 827 Salamine
875 774 931 821 id
955 774 1083 838 agit,
1116 782 1178 822 ut
1198 773 1407 820 minore
1436 769 1574 818 invi-⁴

271 850 354 899 dia
386 849 545 898 cladis
572 849 713 915 apud
729 850 1083 898 Chaeroneam
1106 857 1337 914 acceptae
1363 845 1572 894 laboret.

207 931 256 975 67,
270 927 486 973 Faciunt
528 925 628 972 Villa
675 941 888 989 quoque
937 923 1221 986 jucundam
1273 921 1575 976 orationem,

271 1002 446 1064 aliqua
478 1001 746 1049 mentione
776 1000 949 1048 habita
983 994 1199 1071 defferre
1233 1008 1284 1045 et
1316 997 1576 1061 deponere

273 1075 411 1140 apud
450 1077 758 1122 memoriam
799 1075 1011 1134 judicis,
1061 1084 1112 1123 et
1150 1068 1410 1143 reposcere
1447 1083 1576 1133 quae

275 1148 602 1214 deposueris,
650 1159 700 1196 et
724 1145 982 1218 separare
1029 1148 1281 1215 quaedam
1325 1144 1578 1195 schemate

275 1226 452 1288 aliquo
485 1228 624 1285 (non
646 1224 789 1271 enim
812 1222 883 1271 est
902 1222 1007 1288 ipsa
1030 1239 1123 1289 per
1143 1221 1193 1270 se
1213 1221 1415 1270 iteratio
1437 1219 1579 1266 sche-

274 1303 417 1363 ma),
469 1309 520 1346 et
571 1302 802 1362 excipere
857 1300 1057 1362 aliqua,
1120 1308 1172 1346 et
1219 1296 1340 1346 dare
1388 1292 1579 1342 actioni

276 1451 380 1487 Voff.
408 1465 441 1485 1.
465 1459 502 1493 5.
545 1450 617 1485 Sed
635 1449 759 1486 Guelf.
785 1451 916 1499 Camp.
939 1449 1055 1486 Goth.
1078 1449 1174 1488 Jens.
1196 1451 1281 1494 (tac.
1302 1447 1428 1491 Gesn.)
1450 1459 1484 1493 q.
1507 1456 1579 1480 non

278 1506 345 1541 hoc
367 1518 453 1540 cum
476 1504 577 1542 Vols.
602 1515 639 1540 2.
660 1505 757 1542 Van.
779 1516 815 1542 et
838 1506 920 1541 edd.
943 1516 1026 1540 ante
1046 1504 1131 1540 Ald.
1172 1503 1350 1541 Correxit
1369 1500 1524 1549 Regius.

364 1561 427 1603 63.
459 1562 584 1610 aliqua
606 1570 713 1596 ment.
735 1579 789 1589 —
811 1570 846 1596 et
872 1562 954 1607 d-ep.
1006 1559 1137 1595 Turic.
1165 1559 1266 1595 Flor.
1297 1558 1459 1607 aliquam
1487 1567 1580 1594 mom

281 1617 414 1651 tionem
438 1617 564 1664 aliqua
594 1616 766 1664 differens
786 1615 946 1660 d.(1us1
976 1615 1081 1664 quod
1111 1629 1130 1650 e
1158 1614 1261 1650 Flor.
1291 1612 1439 1648 omiffio
1459 1614 1520 1645 τοῦ
1546 1615 1581 1645 et

279 1684 358 1706 non
379 1673 641 1718 memoratur)
681 1670 932 1720 Camp.ni11il
957 1671 1025 1705 nist
1046 1669 1216 1716 differens
1238 1681 1308 1716 pro
1330 1666 1486 1714 differre.
1523 1665 1581 1699 Ex

279 1726 379 1760 Alm.
401 1727 525 1773 aliqua
550 1726 722 1773 differens
742 1728 779 1764 d.
820 1728 880 1760 An
901 1725 1031 1761 malis.
1060 1726 1204 1773 aliqua,
1235 1724 1415 1758 mentione
1445 1719 1578 1760 habita.

280 1781 304 1814 d
308 1780 504 1826 ffrentem
533 1781 614 1828 (lep.
825 1780 1009 1828 separare.
1056 1779 1184 1814 Turic-
1206 1777 1308 1813 Flor.
1324 1775 1444 1825 spera,
1475 1789 1495 1812 a
1514 1775 1579 1810 sec·

278 1848 394 1869 mauu
406 1833 556 1881 sperare
579 1845 615 1869 et
637 1836 683 1868 fic
704 1833 829 1870 Guelf.
853 1848 939 1869 cum
961 1833 1074 1869 Bodl.
1094 1834 1198 1869 Voss'.
1223 1847 1257 1868 1.
1281 1832 1397 1868 Andr.

363 1888 451 1937 ipsa.
513 1890 644 1924 Turic.
685 1888 786 1924 flor.
827 1891 957 1936 Camp.
989 1886 1066 1936 ista.
1121 1888 1236 1923 Goth.
1277 1885 1344 1935 ista
1381 1885 1460 1934 ipsa
1497 1895 1580 1921 cum

280 1945 384 1983 Voff.
409 1955 445 1979 2.
478 1955 515 1979 et
546 1944 629 1979 edd.
657 1954 740 1978 ante
765 1942 1129 1981 Stoe1·,exc.Bafil.
1184 1943 1282 1978 Mox
1303 1940 1488 1991 separatio
1512 1932 1580 1989 pr&

282 2001 426 2034 iteratio
449 1999 530 2046 post
546 1998 632 2033 Ald
657 1999 815 2045 Capper.

1033 1998 1132 2033 dare.
1189 1998 1319 2033 Turic.
1342 1996 1443 2031 Flor.
1474 2006 1581 2031 erare.

281 2053 352 2089 Ille
374 2067 393 2087 a
411 2054 477 2088 sec.
500 2066 615 2087 manu
638 2067 755 2088 creare
782 2055 846 2097 (et
864 2052 940 2088 hoc
961 2066 979 2088 e
998 2053 1113 2087 Palat.
1136 2052 1201 2087 suo
1227 2052 1292 2088 hic
1310 2064 1492 2101 reponere
1514 2058 1580 2086 vo·

280 2107 381 2145 lebat
402 2108 657 2156 Gebh.c1·.ep
681 2109 857 2154 5‚11.),
886 2107 951 2143 hic
973 2107 1153 2143 nostrum.

337 2212 399 2248 62.
420 2212 542 2247 daliud
563 2230 618 2239 —
641 2211 755 2247 aliud.
804 2211 851 2247 cf.
883 2211 905 2247 6

280 2269 367 2301 Pro.
401 2268 462 2303 16.

336 2319 591 2368 Demosthenes
613 2322 787 2365 jurando.
823 2322 904 2358 vid.

278 2390 317 2424 P·
347 2376 496 2411 Reiskii
530 2386 620 2422 297.
649 2375 739 2414 Vol.
772 2378 802 2415 Ι.
857 2375 904 2413 cf.

278 2431 391 2469 nostr.
419 2431 492 2478 hic}
511 2434 544 2477 §.
568 2437 631 2477 98.
667 2444 683 2464 ι
699 2445 730 2470 ι,
752 2439 788 2473 3,
815 2430 903 2474 163.

285 2495 345 2526 12,
364 2499 423 2526 10,
438 2492 500 2528 24.
522 2485 614 2520 item
629 2497 725 2533 quos
742 2484 905 2532 designat

277 2541 456 2576 Reiskius
480 2541 526 2575 ad
547 2540 689 2575 locum.

338 2596 400 2638 65.
442 2595 628 2643 separare.
690 2593 781 2629 Non
821 2594 905 2630 satis

281 2651 460 2698 congruit
477 2650 573 2699 {loco
605 2650 779 2685 verbum.
829 2651 906 2697 Ap-

277 2715 384 2752 paret
404 2706 505 2740 edim
523 2717 581 2744 eo,
602 2705 706 2752 quod
720 2703 906 2746 continuo

278 2759 464 2802 infertur,
512 2760 696 2808 designari
732 2761 904 2811 *iteratio-

963 2225 1056 2252 nem,
1087 2225 1182 2260 quae
1205 2212 1268 2247 etfi
1289 2210 1332 2247 fit
1351 2211 1580 2246 mentionem

963 2267 1021 2302 rei
1041 2267 1211 2313 ejusdem
1237 2266 1391 2302 diversis
1417 2265 1512 2301 locis
1530 2263 1579 2299 fa·

964 2322 1111 2361 ciendo,
1143 2334 1277 2369 easque
1299 2322 1351 2357 ita
1364 2317 1580 2369 separando,

963 2386 1087 2411 tamen
1108 2377 1256 2412 nonnisi
1275 2386 1448 2412 contorte
1465 2371 1580 2423 potest

963 2445 1007 2466 eo
1023 2430 1210 2467 vocabulo
1231 2429 1422 2479 appellari.
1452 2429 1493 2464 Si
1510 2436 1580 2477 pro

961 2486 1086 2520 nostro
1127 2486 1311 2534 scripseris
1342 2485 1396 2519 bis
1441 2481 1577 2532 ponor).

960 2541 1150 2576 succurras
1170 2542 1251 2575 sane
1270 2539 1490 2577 sententiae.
1517 2548 1577 2574 ue·

962 2608 1034 2642 que
1058 2605 1181 2631 tamen
1208 2595 1373 2631 orationi
1393 2594 1578 2637 sanitatep

962 2661 1026 2684 aut
1071 2651 1236 2686 nitorem
1281 2648 1578 2697 Quintilianeum

962 2704 1105 2741 reddas.
