1586 2990
219 131 316 186 426
532 123 622 180 M:
639 136 774 182 ΕΑΒ.
798 135 1216 191 QUINTILIANI

217 253 420 304 institui
468 275 600 308 uxor
642 276 756 311 non
789 270 990 324 poterat
1025 262 1202 321 heres,
1254 263 1313 312 id
1348 263 1518 314 fuerat

218 341 411 388 actum,
446 343 507 380 ut
531 334 595 382 acl
613 351 724 382 eam
745 335 882 384 bona
902 353 996 401 per
1014 336 1117 386 1100
1136 332 1518 388 1301101115ᾶεὶ-

219 405 540 456 commiffnm
590 411 936 474 pervenirent.
1012 415 1077 460 Et
1115 425 1264 479 caput
1301 414 1519 478 quidem

217 483 354 530 tueri
375 481 523 530 facile
543 494 666 541 erat,
699 484 737 532 fi
760 485 861 535 hoc
883 485 1170 537 diceremus
1191 489 1388 554 palam:
1429 489 1518 538 sed
1565 524 1572 532 ⁵

214 556 416 622 peribat
443 558 712 608 hereditas.
789 564 862 608 Ita
893 579 1015 627 ergo
1054 561 1158 612 fuit
1187 564 1338 613 nobis
1368 581 1517 629 agen-

215 630 370 689 dum,
419 643 480 680 ut
516 633 716 694 judices
755 635 892 685 illud
924 638 1274 703 intelligerent
1306 638 1517 697 factum,

213 705 469 756 delatores
482 725 591 757 non
605 707 804 775 poffent
817 712 1204 777 apprehendere
1219 725 1279 763 ut
1293 713 1515 766 dictum:
1574 707 1578 711 ’

211 790 264 828 et
285 784 503 848 contigit
531 795 828 850 utrumque.
880 787 1038 855 Quod
1056 806 1164 838 11011
1184 787 1516 846 inseruiffem‚

210 859 411 906 veritus
462 860 768 925 opinionem
815 865 1103 922 jactantiae,
1160 864 1259 913 nifi
1296 865 1516 930 probare

207 931 507 992 voluissem,
563 936 620 984 in
659 935 777 985 foro
818 954 1030 1003 quoque
1081 937 1175 987 effe
1212 939 1294 988 his
1334 938 1513 1004 figuris

143 1027 192 1063 75
207 1006 400 1057 locum.
477 1007 951 1078 Quaedam'etiam,
991 1031 1122 1078 quae
1156 1015 1374 1078 probare
1404 1031 1514 1066 11011

205 1082 379 1146 poffis,
417 1082 581 1149 figura
605 1088 783 1150 potius
810 1086 1089 1151 spargenda
1117 1088 1249 1136 sunt.
1325 1093 1513 1137 Haeret

208 1159 349 1216 enim
397 1175 779 1225 nonnunquam
834 1163 999 1211 telum
1045 1163 1181 1212 illud.
1228 1165 1509 1221 occultum,

291 1277 355 1319 74.
388 1282 546 1320 poterat.
594 1275 725 1309 Turic.
750 1284 918 1322 porteret,
952 1289 971 1309 a
1000 1264 1210 1311 seessmzxnu
1241 1285 1433 1323 oporteret,
1473 1287 1510 1312 et

205 1329 255 1363 fic
275 1327 375 1362 Flor.
398 1341 415 1361 a
443 1342 499 1376 pr.
522 1342 649 1364 manu.
691 1328 815 1365 Guelf.
843 1332 975 1376 potuit.
1193 1339 1320 1366 actum.
1377 1332 1508 1369 Turic-

205 1381 310 1418 Flor.
338 1384 468 1431 Camp.
493 1382 638 1431 factum
668 1396 754 1419 cum
783 1384 883 1419 Alm.
926 1385 971 1420 cf.
997 1391 1031 1427 5,
1061 1389 1121 1427 14,
1149 1389 1183 1426 4.

291 1437 399 1474 bona.
451 1439 582 1474 Turic.
607 1437 708 1475 Flor.
740 1439 935 1474 omittunt.
1107 1442 1206 1473 tueri.
1247 1441 1376 1477 Turic.
1406 1440 1506 1479 Flor-

206 1494 308 1542 queri
333 1507 419 1529 cum
441 1494 537 1538 Jenss.
560 1495 673 1530 Tarv.
719 1497 843 1542 quaeri
860 1495 993 1530 Ambr·
1021 1507 1054 1530 1.
1078 1495 1207 1543 Camp.
1233 1509 1320 1532 cum
1340 1496 1450 1532 Bodl.
1474 1506 1511 1531 et

206 1549 290 1585 edd.
322 1559 404 1584 ante
439 1549 587 1598 Gryph.
640 1551 710 1584 reri
730 1550 862 1585 Ambr.
886 1561 922 1586 2.
955 1549 1079 1586 Guelf.
1105 1550 1220 1585 Goth.
1250 1551 1351 1598 (err.
1373 1551 1508 1598 Gesn.)

171 1595 175 1599 ’
205 1617 294 1639 011111
314 1605 426 1639 ch.
458 1615 495 1639 et
519 1604 602 1640 01111.
634 1617 717 1639 :une
747 1604 842 1641 Obr.
874 1606 942 1656 qui
966 1604 1134 1640 nostrum
1160 1618 1178 1639 e
1208 1607 1421 1652 conjectura
1446 1605 1506 1643 de-

204 1659 294 1694 diffe
320 1659 495 1699 videtur,
525 1657 712 1708 praeclare
739 1659 818 1695 ille.
873 1662 1023 1696 Poterat
1047 1660 1080 1693 T
1111 1661 1214 1699 abire
1250 1661 1293 1695 in
1323 1661 1356 1709 Q
1392 1662 1507 1697 inter·
1556 1686 1570 1692 ,

202 1715 380 1750 veniente
410 1716 453 1754 C.
628 1714 696 1762 sed
722 1716 874 1761 peribat.
932 1716 1060 1754 Turio.
1082 1716 1152 1766 sed
1169 1730 1234 1764 per
1246 1714 1315 1764 sed
1333 1716 1504 1764 periebat,

203 1781 223 1802 a
254 1770 319 1805 sec.
347 1782 462 1804 manu
484 1767 554 1819 sed
582 1783 647 1817 per
668 1769 712 1818 se
742 1769 950 1817 deperiebat
987 1781 1024 1806 et
1051 1773 1098 1806 fic
1127 1771 1228 1806 Flor.
1259 1772 1388 1820 Camp.
1418 1785 1505 1808 cum

199 1823 312 1860 Bodl.
332 1824 435 1861 Voff.
460 1835 494 1860 2.
523 1823 638 1858 Goth.
662 1834 700 1859 et
722 1823 805 1859 edd.
826 1836 908 1859 ante
936 1825 1043 1863 Bafil.
1084 1826 1152 1861 nisi
1176 1826 1279 1874 quod
1299 1826 1343 1860 hi
1374 1838 1503 1865 omnes

202 1879 389 1915 omittunt
406 1879 438 1912 E
458 1889 541 1914 aute
561 1879 670 1913 BAT.
835 1881 983 1923 judices.
1042 1882 1170 1917 Turic.
1193 1880 1294 1916 Flor.
1320 1882 1503 1918 omittunt

200 1946 287 1970 cum
318 1933 418 1969 Alm.
637 1934 890 1981 intelligerent.
942 1937 1070 1971 Turic.
1098 1937 1198 1972 Flor.
1221 1936 1444 1983 intellegant.

282 1991 435 2040 contigit
461 1997 658 2037 uerumque.
711 1991 840 2026 Turio.
869 1989 970 2026 Flor.
1002 1991 1092 2036 (hic
1114 2005 1133 2026 a
1151 2004 1208 2042 pr.
1226 1994 1364 2035 manu)
1389 1994 1500 2028 omit-

198 2054 285 2079 tunt
306 2057 392 2079 cum
422 2043 522 2080 Alm.
690 2043 817 2081 locum.
871 2045 1001 2084 Turio.
1024 2046 1126 2082 Flor.
1153 2046 1235 2091 (hic
1254 2060 1274 2082 a
1290 2061 1346 2099 pr.
1367 2049 1501 2096 manu)

197 2099 383 2136 omittunt
413 2111 500 2134 cum
530 2098 629 2133 Alm.

282 2162 345 2197 75.
389 2154 491 2190 illud.
556 2155 618 2191 Sic
649 2155 777 2191 Turio.
814 2154 917 2194 Flor.
949 2155 1073 2192 Guelf.
1103 2157 1233 2206 Camp.
1262 2169 1348 2201 011111
1380 2157 1496 2195 Goth.

194 2207 354 2259 Reliqui
383 2206 487 2258 istud.

197 2296 292 2342 Qu„
323 2295 464 2331 factum
495 2298 547 2332 ita
574 2299 665 2339 effe,
699 2309 824 2334 narrat
933 2304 996 2343 74.
1027 2299 1206 2334 delatores
1239 2301 1394 2349 proprie
1432 2300 1495 2337 hic

194 2351 337 2399 potius,
369 2364 482 2400 quam
503 2363 546 2387 ut
562 2353 634 2387 dici
650 2354 725 2388 hoc
744 2367 823 2388 me·
877 2353 955 2388 diei
980 2354 1180 2394 videntur,
1211 2367 1297 2389 cum
1330 2354 1405 2390 fisci
1430 2356 1493 2390 ha·

194 2417 337 2444 moret,
376 2407 594 2453 subjiciens,
635 2417 671 2443 ec
699 2421 819 2443 verum
873 2409 1005 2444 beatur
1025 2411 1135 2450 ratio,
1163 2410 1204 2444 in
1217 2423 1337 2457 quem
1361 2411 1494 2458 deferri

108 2504 113 2507 ἡ
183 2459 329 2509 fursffe?
387 2461 524 2497 Saltem
565 2462 666 2498 illud
714 2464 819 2510 quod
873 2466 1071 2512 oportebat
1106 2465 1364 2501 hereditatem.
1406 2467 1492 2502 vide

190 2516 308 2550 modo
338 2517 558 2556 „dicebatur
589 2518 780 2563 subjecisse
792 2524 817 2538 “
870 2520 1028 2555 Paulum
1051 2523 1230 2556 Sententt.
1253 2528 1288 2564 5,
1317 2532 1377 2566 15.
1398 2523 1491 2559 item

189 2570 309 2605 [el-mo
339 2582 416 2608 erat
441 2584 596 2612 eorum,
636 2574 704 2620 qui
731 2586 816 2623 per·
872 2575 1055 2612 Codicem
1077 2587 1137 2615 10,
1165 2589 1226 2610 11.
1353 2583 1356 2587 “

191 2624 314 2663 ditum
336 2626 438 2664 irent
463 2627 676 2665 mulierem.
