1586 2990
305 232 469 279 INST.
507 230 784 279 ORATOR.
820 229 943 276 LIB.
978 229 1075 285 IX,
1119 241 1163 284 3.
1284 236 1398 287 =451

66 362 317 412 inimicum
355 361 567 424 punitus
605 353 696 427 est.
784 354 944 426 Quod
972 355 1171 405 mirum
1209 354 1390 405 minus
1409 370 1433 407 7

67 437 168 498 est,
200 437 350 504 quod
380 439 439 486 in
471 446 656 486 natura
682 434 971 483 verborum
1001 432 1098 490 est,
1140 442 1218 490 et,
1256 448 1393 497 quae

4 514 319 573 oafacimus,
351 512 587 579 patiendi
617 511 781 561 modo
813 509 963 576 saepe
985 508 1188 568 dicere3
1225 520 1286 559 ut
1305 525 1395 558 αν-

65 590 256 650 bitror,
312 587 584 662 suspicor:
651 599 702 636 et
740 598 921 638 contra
953 585 1196 644 faciendi,
1257 602 1394 652 quae

65 670 326 736 patimur3
380 677 442 716 ut
474 665 701 731 vapulo:
738 664 970 729 ideoque
996 661 1245 728 frequens
1276 679 1397 729 per-

64 744 292 796 mutatio
330 742 433 801 est,
471 754 524 793 et
547 743 800 808 pleraque
831 751 1060 806 utroque
1082 740 1246 790 modo
1272 756 1319 787 el.
1303 737 1396 787 fe-

65 832 287 879 runtur,
368 820 691 877 luxuriatur,
766 818 1028 878 luxuriat,-
1089 815 1398 883 fluctuatur,

53 896 317 968 fluctuat,·
355 891 624 971 affencion
662 891 890 969 affentio.
969 892 1054 943 Est
1076 891 1243 959 figura
1261 903 1312 941 et
1337 894 1396 942 in
1416 900 1440 939 8

66 988 325 1032 numero,
375 973 463 1023 vel
493 990 616 1023 cum
647 972 898 1038 fingulari
932 972 1151 1037 pluralis
1182 969 1401 1032 subjun-

68 1053 241 1118 gitur,
316 1049 506 1101 Gladio
554 1067 629 1115 pu
629 1041 936 1119 gnacffma
975 1065 1106 1116 gens
1143 1047 1400 1110 Romam}

68 1145 199 1198 gens
221 1127 366 1175 enim
386 1143 449 1175 ex
470 1127 680 1175 multis:
722 1126 809 1174 vel
829 1141 893 1173 ex
920 1123 1013 1174 div
1001 1122 1148 1182 erfo,

413 1259 478 1270 —-
512 1260 581 1268 --
619 1236 706 1301 Qui
723 1251 807 1278 non
829 1229 951 1297 msere
968 1245 1178 1288 parentes,

133 1306 228 1347 Nec
249 1305 350 1347 deus
370 1305 483 1346 hunc
511 1300 678 1366 mensa,
713 1305 792 1346 dea
813 1319 887 1345 nec
915 1304 1098 1359 dignata
1120 1303 1242 1346 cubili
1259 1303 1333 1367 ss.

157 1471 355 1506 inimicum.
424 1469 488 1505 Sic
534 1468 667 1506 Turic.
712 1467 816 1505 Flor.
858 1467 984 1504 Guelf.
1028 1468 1159 1517 Camp.
1242 1467 1406 1516 Reliqui

60 1527 251 1562 inimicos.
311 1525 384 1561 Sed
418 1539 455 1560 es
475 1538 548 1574 pro
573 1522 622 1571 es}
641 1524 827 1560 videntur
849 1525 937 1561 dare
966 1537 1099 1560 omnes
1122 1534 1273 1572 praeter
1293 1523 1403 1562 Bam.

69 1594 108 1619 et
137 1582 370 1631 posteriores
404 1591 489 1617 ante
523 1580 619 1617 Obr.
661 1581 893 1616 Memoriter
915 1580 1061 1620 citavit,
1092 1581 1207 1615 etiam
1239 1580 1405 1616 nostram

67 1651 223 1676 vocem.

155 1703 194 1738 7.
225 1695 355 1729 minus.
413 1693 544 1728 Τηνία.
567 1692 616 1740 (a
634 1694 701 1730 sec.
725 1693 870 1739 manu)
892 1692 1020 1728 Guelf.
1046 1693 1179 1740 Camp.
1205 1706 1291 1727 non.

145 1748 264 1799 saepe
294 1750 423 1784 dicere.
484 1750 615 1785 Turic.
649 1764 742 1799 prae
773 1751 923 1796 diceret
960 1763 978 1783 a
1010 1749 1077 1783 sec.
1108 1762 1226 1783 manu
1254 1759 1405 1784 contra.-

68 1804 180 1847 hitur
212 1817 249 1842 et
281 1806 328 1841 fic
359 1803 487 1841 Guelf.
513 1818 599 1840 cum
627 1805 742 1842 Bodl.
768 1805 884 1854 saepe
912 1805 1124 1853 praedicere
1156 1805 1290 1853 Camp.
1314 1817 1407 1840 cum

67 1862 189 1899 Andr.
357 1862 545 1912 pleraque.
590 1862 696 1898 Flor.
735 1863 949 1912 plerumque
976 1874 1063 1897 cum
1096 1860 1218 1897 Goth.
1236 1861 1342 1899 Voss'.
1366 1872 1405 1897 2.

156 1917 652 1964 luxuriatur—fluctuatur.
710 1917 1003 1954 Tu1·ic.Guelf.
1036 1918 1168 1964 Camp.
1201 1917 1290 1953 dant
1312 1916 1408 1952 haec.

70 1973 191 2016 ,verba
209 1984 253 2008 ut
266 1973 472 2022 participia
492 1987 562 2021 per
583 1974 636 2008 S
625 1987 681 2009 m
677 1972 766 2008 fine
786 1986 875 2008 cum
898 1972 1016 2008 Goth.
1038 1982 1074 2007 et
1097 1973 1181 2006 edd.
1203 1983 1287 2007 ante
1308 1973 1406 2009 Loc.

149 2022 325 2078 astentio
354 2027 436 2075 Est.
496 2029 559 2063 Sic
582 2030 714 2064 Turic.
739 2028 842 2064 Flor
866 2027 994 2064 Guelf.
1019 2029 1150 2075 Camp.
1173 2040 1261 2062 cum
1286 2026 1406 2066 Goth.

71 2084 178 2125 Voff.
203 2095 239 2120 2.
272 2082 387 2118 Bodl.
418 2083 521 2120 Alm.
541 2094 578 2119 et
601 2084 685 2120 edd.
708 2095 794 2119 ante
818 2083 969 2132 Gny.ph
991 2096 1067 2122 acc.
1092 2082 1189 2119 Obr.
1246 2072 1410 2132 Reliqui

74 2139 251 2176 inserunt
276 2147 437 2175 revertor
464 2148 618 2174 reverto.

159 2202 196 2240 8.
228 2208 272 2230 ex
303 2193 378 2229 cliv.
437 2194 499 2229 Sic
530 2195 662 2230 Turic.
694 2193 798 2231 Flor.
832 2194 960 2231 Guelf.
994 2196 1126 2243 Camp.
1155 2194 1272 2230 Goth.
1305 2194 1405 2231 Jens.

70 2251 173 2299 (uc.
205 2248 344 2299 Gesn.)
388 2263 477 2286 cum
512 2251 598 2285 edd.
632 2261 718 2286 ante
748 2250 842 2286 Bad.
919 2250 1081 2298 Reliqui
1111 2264 1130 2284 e
1163 2251 1198 2285 d.
1230 2248 1326 2286 Obr.
1359 2263 1406 2285 ea:

72 2304 238 2355 adverso.
411 2307 495 2358 Qui.
544 2306 677 2342 Turio.
710 2306 812 2344 Flor.
847 2305 974 2354 Guelf.
1001 2306 1118 2343 Goth,
1141 2310 1237 2350 (tac.
1265 2306 1406 2350 Gesn.)

73 2361 209 2397 Ambr.
237 2374 270 2398 ι.
295 2362 428 2410 Camp.
459 2362 557 2400 Jens.
588 2366 679 2408 (err.
703 2359 831 2407 Gesn.)
862 2365 920 2397 cui
943 2375 1030 2397 cum
1059 2363 1143 2398 edd.
1165 2373 1250 2397 ante
1269 2363 1405 2399 Burm.

77 2429 159 2452 exc.
187 2417 280 2452 Bad.
313 2418 383 2465 qui
410 2418 598 2458 nostram,
650 2429 806 2455 auctore
854 2418 1050 2455 Pontiano
1090 2418 1158 2468 (P·
1198 2425 1287 2464 105.
1319 2419 1403 2457 Fue.

77 2473 190 2509 Grut.
209 2471 302 2512 Vol,
333 2473 398 2520 ι.)
426 2474 610 2523 reposuit.

76 2593 139 2644 est.
192 2595 240 2632 ef.
282 2596 533 2635 consentium
562 2597 711 2635 Putseh.
767 2597 924 2634 insuave
957 2597 1055 2639 hoc,
1103 2609 1149 2635 ut
1177 2598 1311 2634 malim
1331 2611 1404 2648 pro

75 2663 114 2700 p.
139 2658 259 2695 2054.
290 2665 360 2688 nec
392 2667 564 2702 unquam
595 2655 712 2704 depo·
769 2655 890 2690 altero
915 2654 1074 2690 scribere
1087 2657 1185 2704 quia.
1199 2655 1244 2691 cf.
1258 2662 1296 2702 4,
1317 2669 1348 2696 ι,
1369 2671 1402 2693 ι.

77 2718 211 2744 uenter
233 2709 306 2755 Qu.
338 2711 415 2754 (cf.
441 2723 505 2750 10,
528 2720 610 2753 7‚-2
623 2711 655 2759 ).
825 2708 1009 2760 affe-atior.
1042 2712 1088 2746 οἱ.
1114 2724 1147 2752 ι,
1174 2719 1210 2754 5,
1230 2721 1291 2754 13.
1309 2743 1317 2748 ..

133 2773 171 2809 7.
222 2764 331 2815 Quod
353 2785 406 2794 ——
428 2767 541 2816 quod.
580 2767 712 2804 Nimis
828 2774 863 2811 8.
898 2768 975 2819 Qui
1018 2780 1092 2804 non
1113 2786 1165 2795 -—-
1187 2767 1297 2804 cubili
1343 2764 1404 2816 est.

852 2837 964 2872 Ff2
