1586 2990
264 246 358 306 146
573 247 648 293 M.
683 247 814 294 FAB.
851 247 1256 309 QUINTILIANI
1332 267 1335 271 ·

258 374 470 437 utrique
491 371 636 429 data,
675 369 820 436 quod
852 369 1008 426 velit,
1044 370 1257 436 petendi
1284 370 1557 437 potestate3

259 443 379 495 hic
367 451 673 502 meritorum,
710 447 960 509 temporis,
992 450 1207 509 praemii
1233 448 1436 496 collatio
1458 446 1557 495 est:

222 532 349 576 5aut
366 518 542 594 secum
582 515 748 588 ipsae,
787 530 847 568 ut
878 519 1107 568 duorum
1145 519 1386 580 fortium,
1426 521 1559 570 duo-

257 615 379 646 rum
410 595 883 660 tyrannicidarum,
923 595 1144 643 duarum
1172 606 1461 661 raptarum:
1501 597 1560 643 in

258 673 452 736 quibus
483 687 592 718 non
624 669 789 736 potest
823 667 917 717 effe
946 671 1043 717 alia
1087 663 1356 735 quaestio,
1402 682 1586 735 quamfi

257 745 535 811 temporis,
573 756 691 793 utra
713 747 858 810 prior
884 744 968 792 fit:
1010 755 1097 793 aut
1127 746 1405 818 qualitatis,
1442 756 1560 793 utra

132 847 145 857 x
220 816 440 887 4justi0r
461 819 520 867 fit
540 823 733 882 petitio.
778 812 1022 868 Diversae
1045 834 1256 884 quoque
1273 821 1411 884 leges
1436 837 1560 868 con-

256 893 462 958 fligunt,
501 906 592 942 aut
617 894 817 942 similes.
873 890 1150 965 Diversae,
1186 894 1379 958 quibus
1406 895 1560 942 etiam

258 967 385 1017 citra
408 968 670 1017 adversam
693 971 861 1034 legem
889 969 1171 1017 contradici
1201 968 1373 1034 poffit.
1418 979 1477 1018 ut
1501 971 1559 1017 in

255 1045 352 1092 hac
403 1044 772 1101 controverfia,
835 1040 1186 1112 Magistratus
1231 1042 1294 1091 ab
1337 1061 1454 1092 arce
1499 1061 1559 1092 ne

256 1119 503 1176 discedat,
549 1121 648 1169 Vir
670 1116 811 1188 forti
811 1136 835 1166 s
865 1130 1067 1182 optato,
1113 1136 1244 1182 quae
1272 1119 1435 1175 volet,
1472 1119 1559 1167 vel

256 1195 352 1241 ali-a
371 1194 518 1242 nulia
541 1193 770 1242 obstante
795 1195 973 1257 quaeri
998 1192 1180 1257 potest,
1209 1211 1290 1249 an,
1317 1193 1561 1258 quidquid

255 1272 470 1332 optarit,
514 1271 752 1332 >accipere
802 1266 1017 1316 debeat?
1078 1278 1129 1315 et
1162 1270 1220 1316 in
1261 1267 1559 1333 magistratu

254 1345 419 1393 :multa
443 1343 698 1400 dicentur,
729 1344 925 1406 quibus
949 1342 1198 1407 [criptum
1220 1354 1558 1407 expugnatur,

258 1419 316 1467 Si
342 1419 614 1466 incendium
639 1421 690 1466 in
712 1415 1027 1487 arcefueric,
1051 1414 1107 1488 fi
1129 1421 1178 1466 in
1197 1414 1363 1486 hostes
1385 1419 1560 1466 decur-

342 1579 379 1613 3.
421 1569 584 1605 duarum.
634 1569 763 1605 Turio.
804 1568 927 1605 Guelf.
970 1570 1098 1616 Camp.
1141 1567 1256 1604 Goth.
1295 1569 1394 1611 (eri.
1425 1569 1560 1612 Gesn.)

258 1625 443 1660 omittunt
465 1637 552 1659 cum
569 1623 669 1661 Alm.
690 1623 792 1662 Voff.
818 1634 853 1659 2.
883 1622 981 1660 Vall.
1004 1635 1040 1659 et
1059 1623 1141 1659 edd.
1163 1633 1246 1658 ante
1274 1624 1364 1658 Bad.
1392 1622 1559 1658 Rectiffi-

257 1692 319 1714 me
348 1679 507 1714 inseruit
532 1681 686 1727 Regius.
868 1687 932 1714 aut
961 1680 1055 1728 qual.
1114 1678 1242 1713 Turio.
1272 1677 1396 1713 Guelf.
1428 1678 1559 1725 Camp-

259 1749 307 1769 an
329 1748 362 1781 q.
395 1747 481 1768 cum
505 1734 588 1769 edd.
613 1745 695 1769 ante
715 1734 800 1769 Ald.
826 1747 903 1770 exc.
927 1735 1082 1770 Veneta.
1243 1730 1384 1779 jtstior.
1427 1733 1558 1767 Turio.

258 1786 404 1835 {storum
433 1802 520 1823 cum
543 1789 625 1824 edd.
653 1799 737 1824 ante
756 1789 842 1824 Ald.
875 1788 982 1835 (exc.
1009 1790 1135 1836 Camp.
1161 1798 1197 1822 et
1216 1789 1391 1835 Venet.)
1431 1787 1557 1822 Guelf-

259 1836 416 1890 ifiarssum.
467 1843 582 1878 Goth.
611 1843 709 1880 vall.
737 1845 928 1884 nostrum,
970 1843 1072 1891 quod
1102 1843 1194 1877 hinc
1219 1842 1372 1890 petiiss'e·
1392 1843 1560 1889 Regium

259 1897 387 1945 arguit
414 1897 502 1932 Bad.

346 1957 379 1994 4.
405 1951 554 2000 fimiles.
585 1951 765 2000 Diversae.
810 1952 938 1988 Turic.
961 1950 1101 2000 similia
1123 1959 1162 1986 ut
1182 1951 1284 1986 duae.
1316 1949 1559 1999 (Alm.fimi-

259 2007 323 2042 les.
365 2007 534 2054 Diveqsae
562 2017 603 2041 ut
633 2009 736 2051 duae.
766 2007 813 2042 cf.
839 2010 872 2052 ᾖ.
901 2018 934 2042 ι.
957 2007 1020 2051 5.)
1059 2019 1079 2040 a
1098 2007 1166 2041 sec.
1194 2019 1309 2041 manu
1327 2005 1468 2054 fimiles
1498 2014 1561 2039 aut

259 2062 356 2096 «luae
386 2072 423 2096 et
450 2063 495 2096 fic
526 2062 650 2097 Guelf.
681 2064 810 2110 Camp.
841 2073 927 2095 cum
958 2060 1073 2095 Goth.
1100 2061 1202 2099 Voss'.
1230 2071 1269 2098 Β.
1300 2071 1336 2096 et
1364 2060 1447 2095 edd.
1473 2070 1561 2095 ante

259 2116 347 2152 Ald.
388 2117 566 2152 Correxit
586 2117 742 2163 Regills.
925 2115 1100 2151 discedat.
1140 2115 1269 2150 Turio.
1300 2115 1495 2150 discordat.

346 2180 498 2218 optato,
538 2185 629 2219 quae
658 2173 770 2207 volet.
810 2170 939 2206 Turio.
964 2170 1117 2206 omittit.
1161 2172 1300 2206 Contra
1323 2169 1561 2204 Guelf.l1aec

260 2225 434 2272 ignorat:
483 2227 542 2260 vel
571 2227 619 2261 al.
651 2227 722 2261 nul.
756 2224 843 2273 obst.
877 2239 962 2260 cum
991 2223 1071 2259 Bal.
1104 2235 1140 2259 et
1170 2225 1252 2259 edd.
1284 2223 1441 2270 aliquot*
1460 2224 1561 2270 apud.

259 2281 391 2314 Burm.
430 2281 502 2314 Sed
527 2281 655 2328 Camp.
677 2292 714 2316 et
734 2280 858 2315 Guelf.
882 2281 1002 2315 nostra
1021 2279 1095 2314 hoc
1124 2279 1257 2314 ordine
1277 2291 1310 2325 q.
1330 2292 1363 2312 v.
1386 2291 1420 2312 0.
1459 2279 1560 2313 unde

261 2333 387 2382 aliqua
417 2334 670 2368 intercidendi
700 2337 839 2370 occano
868 2344 1030 2382 apparet.
1222 2335 1260 2366 in
1291 2330 1447 2380 magtstr.
1498 2334 1561 2367 Sic

261 2389 391 2424 Tui-ic.
416 2388 539 2424 Guelf.
571 2389 699 2436 Camp.
727 2389 828 2424 Fior.
853 2402 939 2424 cum
959 2388 1073 2424 Goth.
1100 2388 1202 2425 Voss'.
1227 2398 1263 2422 2.
1298 2397 1334 2422 et
1365 2387 1447 2422 edd.
1477 2398 1571 2433 ante*

259 2441 347 2477 Ald-
397 2443 579 2490 Reliquae
611 2458 645 2478 a.
680 2457 725 2477 m.
755 2444 908 2488 jubente
940 2443 1073 2489 Regio.
1115 2442 1160 2477 cf.
1194 2452 1230 2486 7,
1264 2447 1299 2484 4,
1329 2447 1394 2488 42.
1568 2438 1571 2442 μ

343 2495 463 2544 hostes
487 2499 750 2533 decurrendum.
810 2499 939 2534 Turic.
970 2500 1014 2542 (a
1036 2510 1093 2546 pr.
1118 2497 1261 2541 manu)
1288 2493 1415 2543 nostris
1431 2510 1557 2532 recurr.

320 2627 355 2662 4.
384 2617 641 2666 Magistratus.
689 2621 801 2655 Recte
827 2620 885 2655 vi-
942 2619 1064 2667 qualis
1098 2617 1251 2667 antiqua
1278 2617 1354 2655 fuit
1380 2619 1560 2666 praetoris

262 2672 373 2708 detur
418 2687 573 2709 monere
615 2676 771 2724 Capper.
810 2687 884 2709 ma·
940 2673 1173 2723 fignificatio.

260 2724 361 2774 gistr.
393 2727 459 2764 hic
478 2729 647 2778 intelligi
671 2729 884 2779 στρατηγὸν,
