1586 2990
233 555 311 607 M.
356 516 627 607 *FABII
691 556 1339 628 QUINTILIANI

421 809 1155 870 ORATORIA

117 939 1452 1033 INSTITUTIONE

291 1090 622 1140 LIBER
710 1070 1281 1139 SEPTrMUs.

467 1263 1094 1301 PRAEFATIO.

26 1373 230 1445 578De
255 1391 570 1441 inventione
600 1392 685 1454 (ut
709 1390 958 1458 arbitror)
980 1389 1096 1440 fatis
1126 1389 1331 1439 dictum
1360 1386 1446 1437 est.

114 1469 310 1532 Neque
342 1469 485 1516 enim
518 1485 575 1515 ea
608 1467 850 1526 demum,
891 1484 1025 1533 quae
1057 1468 1122 1516 ad
1143 1466 1448 1517 docendum

114 1545 408 1609 pertinent,
446 1547 653 1593 executi
675 1543 884 1603 sumus,
931 1562 1121 1594 verum
1145 1546 1303 1593 etiam
1332 1559 1448 1592 mo-

113 1630 200 1670 tus
244 1623 550 1670 animorum
585 1623 933 1672 tractavimus.
1021 1622 1151 1679 Sed,
1192 1632 1254 1670 ut
1289 1637 1448 1686 opera

113 1693 478 1748 extruentibus
507 1696 624 1748 satis
661 1716 773 1747 non
808 1697 905 1757 est,
956 1698 1069 1747 saxa
1101 1709 1254 1764 atque
1286 1707 1449 1747 mate-

113 1774 274 1833 riam,
322 1785 374 1823 et
415 1786 585 1824 cetera
624 1774 920 1825 aedificanti
959 1777 1110 1836 utilia
1148 1791 1447 1840 congerere,

112 1850 214 1900 nifi
246 1851 591 1918 disponendis
623 1854 697 1902 eis
725 1853 1153 1919 collocandisque
1184 1850 1448 1901 artificum

113 1943 301 1978 manus
329 1928 667 1980 adhibeatur:
724 1929 791 1979 fic
817 1932 874 1979 in
903 1930 1129 1980 dicendo
1158 1929 1448 1995 quamlibet

116 2002 388 2054 abundans
420 2023 601 2055 rerum
631 2009 781 2073 copia
811 2008 1092 2057 cumulum
1125 2017 1330 2056 tanturn
1355 2007 1448 2054 ha-

204 2180 238 2204 ι.
269 2166 473 2216 Praefatio.
527 2171 615 2206 Hoc
638 2184 781 2208 nomen
809 2185 924 2222 quare-
951 2171 1160 2221 praemiffis
1189 2171 1295 2207 hisce
1319 2172 1446 2221 impo-

115 2237 206 2262 nere
220 2223 439 2266 maluerint,
470 2239 583 2275 quam
606 2230 846 2277 prooemium,
872 2240 915 2264 ut
936 2227 1097 2276 reliqua,
1127 2241 1279 2269 vocare,
1306 2230 1445 2264 nescio.

116 2283 163 2316 In
186 2281 308 2317 Codd.
337 2282 494 2329 quidem
518 2284 621 2320 nihil
640 2285 915 2333 inscriptionis,
944 2298 1012 2320 nec
1035 2295 1118 2319 ante
1143 2288 1264 2320 Stoer.
1287 2286 1328 2319 in
1349 2285 1446 2320 meis

71 2343 75 2346 ⁴
116 2335 230 2373 libris
256 2337 379 2372 nostra
399 2339 613 2389 usurpatur.
658 2342 838 2391 Plerique
860 2342 1034 2391 primum
1055 2340 1131 2375 hoc
1153 2340 1266 2389 capnt
1286 2340 1444 2376 faciunt.

115 2392 244 2428 Nolui
280 2394 432 2431 turbare
471 2394 669 2433 numeros.
894 2412 936 2433 ea
967 2416 1023 2425 —
1055 2399 1256 2444 pertinent.
1311 2398 1445 2432 Turio.

117 2450 162 2495 (τι
183 2463 240 2498 pr.
262 2453 404 2494 manu)
426 2466 507 2488 eam
526 2474 582 2480 --
598 2455 770 2503 pertinet.
828 2453 912 2490 Ncc
941 2465 1065 2490 tamen
1090 2454 1294 2490 commode
1319 2454 1444 2488 trahas

115 2504 164 2539 ad
193 2507 449 2546 inventionem.
670 2512 732 2545 eis.
792 2510 854 2545 Sic
875 2511 1008 2548 Turic.
1034 2513 1081 2555 (a
1104 2525 1162 2558 pr.
1184 2511 1342 2559 quidem
1366 2523 1445 2544 ma-

115 2574 171 2597 nu
201 2562 303 2606 ejus)
337 2563 463 2602 Guelf.
495 2566 626 2615 Camp.
659 2565 778 2602 Goth.
811 2567 908 2604 Jens.
939 2568 1035 2609 (tac.
1065 2567 1201 2612 Ge1n.)
1233 2581 1320 2603 cum
1355 2566 1440 2602 edd.

117 2618 369 2666 anteGryph.
399 2616 481 2657 Rel.
513 2623 569 2659 iis.
789 2623 984 2669 artificum.
1014 2624 1145 2659 Turio.
1172 2628 1209 2670 (a
1227 2638 1286 2674 pr.
1306 2624 1441 2669 manu)

118 2673 234 2709 Taw.
262 2674 470 2720 artificium.
511 2679 557 2714 cf.
579 2677 704 2717 Vossii
729 2678 934 2716 Aristan-ch.
958 2695 995 2729 p.
1016 2686 1106 2727 748.

203 2730 412 2779 quamlibet„-
469 2735 595 2773 Guelf.
629 2733 825 2784 quaelihet.
875 2737 1009 2787 Camp.
1041 2739 1219 2786 quamvis.
