1586 2990
195 131 292 185 '560
489 128 566 175 M.
591 125 739 174 ἙΑΒ.
788 117 1196 189 QUIN‘nLIAM

191 253 476 314 ἕπευ-μάσημα,
511 251 756 317 deinceps
782 249 1046 315 longiores
1070 247 1205 301 fiunt
1224 251 1495 318 pereuffio.

129 343 180 381 52
194 344 301 376 nes.
364 329 499 375 Nam
525 331 694 390 σημεῖον
723 337 930 390 tempus
953 323 1024 372 est
1041 341 1223 374 unum.
1255 331 1332 376 ·In
1352 344 1494 377 com-

191 401 448 468 positione
473 402 719 452 orationis
743 402 953 456 certior,
992 410 1043 447 et
1065 401 1226 464 magis
1249 402 1494 452 omnibus

193 488 363 541 aperta
392 475 583 525 servari
607 475 767 534 'debet
790 472 1055 526 dimensio.
1133 474 1218 523 Est
1245 476 1406 541 igitur
1435 478 1494 526 in

189 552 426 618 pedibus.
502 555 566 599 Et
600 552 802 599 metrici
832 549 1045 614 quidem
1076 549 1232 614 pedes
1260 551 1388 601 adeo
1418 569 1495 599 re-

189 629 374 692 periun
384 637 468 674 tur
485 627 541 675 in
562 627 810 683 oratione,
833 636 893 674 ut
911 626 968 672 in
994 640 1050 672 ea
1069 624 1368 689 frequenter
1385 638 1495 676 non

188 702 528 750 sentientibus
551 702 704 750 nobis
726 701 966 750 omnium
985 717 1235 764 generum
1260 701 1497 763 excidant

188 777 391 836 ve'rsus;
431 787 483 825 et
511 787 686 827 contra
705 776 858 834 nihil,
894 775 1042 840 quod.
1061 775 1210 842 prosa
1232 775 1495 843 scriptum,

188 915 362 963 τᾶσημον,
397 918 502 968 quod
524 927 561 953 et
583 917 727 966 Regius
755 916 894 953 voluit.
953 917 1068 964 Quod
1095 917 1263 954 inserunt
1290 918 1373 967 post
1398 931 1496 952 πευτ.

190 974 284 1010 Obr.
312 974 418 1010 Gesn.
442 974 528 1021 Bip.
553 982 591 1013 et*
607 974 647 1007 in
674 971 783 1008 nullo
808 972 858 1007 est
877 971 992 1014 libro,
1022 973 1089 1007 nifi
1112 973 1216 1020 quod
1237 971 1286 1021 est
1306 974 1386 1018 ejus
1406 972 1495 1008 loco

187 1028 304 1065 habet
322 1029 451 1065 Ambr.
478 1042 510 1066 ι.
562 1027 691 1076 Vulgo
723 1027 819 1063 editi
847 1025 960 1074 τελείᾳ
984 1027 1122 1076 στιγμῇ
1149 1027 1496 1077 distinguunt'anto

188 1084 377 1132 Deinceps·

262 1139 378 1186 fiunt.
417 1136 547 1172 Ambr.
576 1151 608 1171 ι.
634 1136 751 1171 Goth.
776 1137 871 1180 (tac.
897 1137 1022 1182 Gesn.)
1043 1134 1132 1184 sunt
1155 1150 1241 1172 cum
1267 1137 1370 1174 Voss'.
1395 1147 1432 1173 2.

230 1195 236 1198 ’
275 1201 337 1237 52.
368 1194 510 1228 certior.
559 1191 685 1227 Guelf.
711 1200 817 1226 certa.
986 1193 1163 1227 omnibus.
1203 1191 1376 1227 Gallaeus
1403 1203 1493 1228 con·

186 1248 323 1296 jiciens
347 1248 491 1282 auribus
520 1247 651 1281 frustra
672 1245 732 1282 est.
785 1246 868 1281 Nec
887 1245 1004 1283 video
1037 1260 1152 1293 quare
1179 1246 1280 1280 idem
1313 1246 1494 1288 desideret

189 1303 337 1350 aliquid
362 1313 444 1337 ante
466 1298 534 1347 Est
562 1303 681 1348 igitur.
848 1301 984 1334 metrici
1004 1318 1057 1328 —
1075 1301 1197 1348 pedes.
1236 1301 1367 1335 Turic-
1390 1301 1493 1335 Flor-

189 1360 228 1402 (ἢ
249 1371 306 1406 pr.
329 1371 443 1393 manu
465 1357 642 1403 uterque)
665 1353 797 1390 Ambr.
823 1368 857 1390 1.
883 1355 1266 1403 metricis—pedibus
1282 1367 1368 1390 cum
1391 1353 1493 1391 Alm.

185 1414 355 1461 Reponit
384 1412 532 1447 nonnifi
559 1411 670 1459 pedes
698 1409 800 1446 Flor.
824 1411 891 1445 fec.
921 1422 1066 1446 manus.
1243 1422 1317 1445 non
1335 1408 1496 1458 sentien-

188 1468 294 1502 tflms.
341 1467 471 1503 Turio.
503 1466 604 1501 Flor.
629 1465 675 1509 (a
698 1478 754 1512 pr.
778 1478 892 1499 manu
919 1467 1105 1512 uterque)
1123 1464 1353 1512 sementibus.
1392 1465 1494 1500 Atm.

179 1522 419 1572 sernentibus.
469 1521 585 1557 Goth.
611 1522 706 1565 (tac.
729 1519 865 1563 Gesn.)
897 1532 970 1553 non
982 1519 1210 1568 servantibus
1231 1533 1317 1555 cum
1341 1519 1444 1557 Voff.
1459 1528 1495 1556 2.

272 1587 307 1612 et
334 1586 470 1613 contra.
521 1576 582 1611 Sic
605 1575 734 1610 Turic.
759 1574 862 1612 Flos.
886 1586 923 1610 et
949 1574 1149 1622 pleraeque
1170 1574 1254 1611 edd.
1281 1585 1366 1610 ante
1388 1574 1496 1610 Gesn.

188 1632 261 1668 Ille
290 1643 414 1668 tamen
445 1646 464 1667 a
484 1633 550 1667 [ec.
571 1643 687 1665 mauu
709 1643 728 1665 e
754 1643 782 1666 c.
808 1641 844 1664 et
871 1631 916 1663 sic
948 1630 1072 1665 Guels.
1097 1624 1202 1665 Obrs
1235 1623 1432 1670 Omitttint
1461 1636 1518 1665 et⁴

188 1687 306 1724 Goth.
330 1688 433 1724 Voff.
455 1699 490 1723 9,.
515 1687 622 1721 Gesn.
643 1686 729 1732 Bip.
771 1685 940 1730 Conjicit
969 1685 1141 1720 Gallaeus
1165 1694 1199 1719 et
1228 1694 1332 1720 certe.

273 1744 362 1776 nihil
384 1763 436 1770 —-
458 1740 576 1789 poffit.
623 1741 753 1775 Turio,
780 1753 813 1773 n.
836 1754 870 1788 q.
891 1753 927 1786 p.
943 1738 976 1788 s.
1000 1755 1027 1774 r.
1057 1737 1212 1787 poffunt.
1262 1738 1365 1775 Flor.
1394 1753 1429 1774 n.
1458 1751 1493 1787 q.

187 1794 239 1844 efi'
260 1811 296 1844 p.
312 1797 345 1844 Ι.
365 1812 391 1843 τῇ.
413 1796 570 1844 poff'unt.
602 1794 727 1830 Guelf.
741 1809 775 1829 n.
791 1792 839 1842 est
859 1808 893 1842 q.
915 1809 952 1841 p.
967 1794 999 1842 s.
1022 1808 1094 1829 ηοη
1116 1792 1282 1842 1·.poffet.
1311 1795 1443 1830 Ambr.
1460 1805 1494 1829 ι.

187 1860 224 1887 'n-
249 1866 282 1902 q.
306 1849 355 1899 eft
374 1867 412 1900 p.
428 1852 461 1900 Ι.
506 1850 668 1899 Reliqua
698 1861 776 1884 non
806 1859 992 1884 annotata.
1050 1850 1180 1897 Camp.
1205 1863 1239 1884 n.
1269 1846 1318 1896 efi
1344 1862 1378 1897 q.
1403 1863 1440 1896 p.
1460 1845 1495 1896 s.

246 1971 308 2008 52.
342 1965 511 1999 excidant
530 1962 661 2013 versus.
691 1962 815 1998 Facile

190 2020 241 2056 est
269 2020 540 2059 demonstrare,
582 2019 651 2066 qui
680 2018 816 2053 dehac

188 2087 230 2110 re
253 2076 410 2122 egerint.
448 2074 594 2112 Addam
617 2073 688 2113 iis,
718 2085 815 2120 quos

188 2130 310 2177 vulgo
360 2130 536 2169 landant,
575 2126 815 2165 Morhofium

190 2185 236 2219 de
254 2186 503 2220 Patavinitare
523 2184 632 2218 Livii
649 2197 686 2231 p.
701 2184 816 2228 (Dra-

189 2238 322 2283 kenb.)
342 2249 404 2286 79.
432 2238 709 2286 Exemplorum
731 2238 816 2271 affa-

190 2296 261 2330 tim
291 2295 353 2329 dat
389 2293 598 2330 Noltenius
627 2293 667 2327 in
707 2293 815 2328 Anti·

188 2349 372 2390 barbaro,
427 2360 548 2398 parte>
590 2347 813 2395 Syntactica,

189 2416 284 2439 voce
306 2403 436 2452 vasus.
486 2406 572 2439 Hoc
592 2414 715 2438 tamen
733 2403 814 2450 ipso

189 2458 399 2500 liberalior,
424 2472 536 2506 quern
551 2460 734 2494 Gesnerus
754 2457 815 2491 de·

190 2516 326 2562 fignat,
356 2514 550 2549 Fabricius
564 2514 604 2548 in
620 2512 715 2548 Bibl.
732 2513 814 2547 Lat.

189 2570 276 2606 Vol.
299 2581 334 2605 2.
362 2583 399 2618 p.
424 2576 515 2615 589.
545 2569 600 2603 ed.
631 2567 814 2603 Ernestia-

189 2637 270 2660 nae.
302 2626 346 2660 cf.
373 2628 407 2672 §.
431 2634 496 2669 72.
527 2623 596 2659 ubi
616 2624 748 2658 Burm.
779 2632 816 2658 et

872 1962 948 2011 ipse
981 1972 1152 1998 auctores
1181 1962 1366 1998 nominat.
1403 1962 1497 1997 item
1562 1970 1566 1977 “

871 2017 1064 2052 Drakenb.
1114 2017 1160 2052 ad
1206 2017 1314 2052 Livii
1354 2017 1496 2064 princi-

871 2073 993 2121 pium.
1032 2073 1092 2106 De
1113 2071 1181 2106 illo
1203 2072 1358 2119 quidem
1374 2066 1500 2107 Taciti

871 2129 982 2162 versu
1005 2127 1179 2162 omnium
1207 2126 1415 2162 doctiffime
1435 2139 1499 2162 ve-

871 2182 1087 2229 riffimeque
1126 2182 1336 2230 disputavit
1375 2183 1407 2218 L
1446 2183 1498 2219 H.

871 2237 1022 2276 Voffius
1050 2235 1237 2284 opusculo
1258 2236 1498 2277 Germanico,

871 2292 1074 2340 inscripto:
1106 2292 1165 2324 die
1184 2290 1429 2341 Zeitmeffung
1457 2305 1497 2340 p.

874 2353 962 2393 249.
990 2354 1052 2388 50.
1082 2346 1127 2380 cf.
1153 2349 1185 2392 ᾗ.
1208 2352 1272 2389 74.

926 2402 1018 2435 nihil
1032 2421 1080 2429 —
1093 2399 1212 2449 poſjit.
1242 2401 1300 2436 Cf.
1315 2411 1396 2444 not.
1412 2402 1496 2436 crit.

869 2457 1018 2491 Locum
1059 2455 1263 2492 Diomedis
1295 2457 1495 2491 <Gramma-

871 2511 940 2546 tici
987 2510 1143 2544 similem
1188 2511 1392 2546 ostendunt
1424 2512 1497 2545 Re·

871 2566 956 2613 gius
969 2576 1005 2600 et
1019 2567 1201 2600 Commen
1208 2575 1304 2601 tator
1313 2557 1495 2605 Venetus,

870 2634 906 2670 p.
930 2619 1076 2655 Patron.
1097 2619 1201 2666 464.-
