1586 2990
139 590 186 616 Q

245 260 343 311 584
545 249 618 296 Μ.
662 250 796 296 FAB.
838 247 1244 310 omni-rmum
1303 253 1306 255 ·

245 377 479 435 munitio,
495 372 800 448 similitudo,
837 371 1133 437 exemplum,
1169 370 1403 442 digestio,
1442 373 1540 422 dis-

247 451 474 510 tributio,
518 449 877 514 interpellatio,
917 447 1277 511 interpellantis
1298 453 1539 505 coercitio,
1571 448 1578 463 ’“

213 531 517 584 5contentio,
561 527 838 594 purgatio,
879 521 1067 595 lacfio?
1103 523 1246 591 Quid
1276 531 1402 572 vero
1436 525 1541 588 agit
1584 528 1586 530 ’

238 606 467 652 »omnino
489 602 788 665 eloquentia
814 600 1050 648 detractis
1075 597 1438 664 amplificandi
1443 600 1542 646 mi-

238 678 552 742 nuendique
597 676 918 725 rationibus?
977 679 1215 743 Quarum
1243 675 1390 739 prior
1417 671 1544 720 defi-

247 755 391 802 derat
424 754 570 801 illam
595 752 714 815 plus
737 769 888 816 quam
906 752 1154 799 dixeris
1100 746 1190 821 s
1165 748 1545 819 σηξβεαιὶοηενη,
1569 779 1571 782 -

246 830 304 878 id
326 828 420 886 est,
450 832 662 893 ἔμφασιν,
699 838 748 875 et
762 823 1164 898 superlationem
1192 827 1452 881 veritatis,
1495 832 1581 870 ets·

247 905 615 968 trajectionem:
661 903 788 951 haec
818 903 972 950 altera
1002 904 1423 956 extenuationem,
1461 899 1556 945 de*

244 983 692 1044 precationemque.
771 979 875 1046 Qui
899 973 1109 1025 affectus
1137 986 1291 1025 erunt
1311 976 1399 1024 vel
1423 990 1546 1023 con-

237 1057 386 1103 ‘citati
430 1055 654 1103 detracta
695 1071 820 1102 voce
851 1051 1035 1109 libera,
1084 1047 1190 1124 effi·
1192 1054 1415 1111 enatiore
1444 1053 1548 1098 ira-

245 1132 451 1188 cundia,
485 1128 852 1197 objurgatione,
888 1131 1158 1191 optatione,
1198 1122 1547 1176 execratione?

246 1207 332 1253 vel
363 1207 444 1254 illi
471 1206 731 1261 mitiores,
769 1203 887 1251 nisi
886 1204 1212 1264 adjuvantur
1238 1199 1547 1252 commenda-

246 1284 401 1338 tione,
468 1281 830 1335 conciliatione,
901 1280 973 1326 acl
1014 1277 1320 1325 hilaritatem
1349 1272 1545 1343 impul-

211 1375 236 1407 ο
271 1358 415 1403 zone?
455 1359 598 1422 Quae
631 1354 931 1410 delectatio,
982 1362 1070 1400 aut
1104 1351 1250 1415 quod
1272 1349 1548 1397 mediocri-

245 1441 325 1478 ter
349 1429 523 1478 saltem
560 1429 700 1478 docti
729 1429 961 1476 hominis
995 1426 1278 1474 indicium:
1309 1423 1415 1472 nifi
1451 1423 1548 1470 alia
1580 1441 1586 1447 ¹

247 1509 564 1569 repetitione,
618 1506 714 1552 alia
757 1505 1140 1573 commoratione
1169 1499 1412 1565 infigere:
1475 1498 1550 1544 di·
1569 1514 1580 1540 -5

246 1583 400 1650 gredi
441 1600 476 1629 a
518 1598 598 1638 re,
654 1591 704 1627 et
740 1580 905 1627 redire
946 1579 1018 1626 ad
1054 1573 1369 1647 propositum
1395 1573 1580 1640 suum·

246 1656 442 1705 scierit:
507 1672 765 1705 removere
806 1672 841 1702 a
853 1650 946 1725 se,
1007 1657 1057 1701 in
1097 1651 1253 1700 alium
1289 1649 1550 1713 trajicere:
1572 1657 1573 1661 ’

247 1747 380 1795 quae
435 1721 790 1796 relinquenda,
857 1744 991 1794 quae
1039 1727 1390 1793 contemnenda
1438 1723 1550 1779 sint,

246 1806 550 1868 judicare?
581 1809 766 1856 Motus
807 1804 879 1852 est
915 1806 973 1852 in
1004 1804 1086 1852 his
1118 1803 1365 1850 orationis
1397 1810 1550 1862 atque

250 1959 338 1984 ante
358 1947 445 1985 Ala.
615 1949 794 1984 coercitio.
853 1944 978 1982 Guelf.
1022 1946 1150 1993 Camp.
1185 1945 1318 1980 coertio
1345 1941 1438 1986 (hic
1462 1953 1550 1975 cum

252 2003 506 2052 aspiratione)
536 2014 572 2038 et
601 2005 649 2038 fic
675 2003 790 2038 Goth.
820 2001 1012 2049 multique
1043 2001 1156 2039 editi,
1186 1999 1247 2034 sed
1274 1996 1476 2033 nobiscum
1498 1995 1550 2030 fa·
1575 2008 1578 2011 ’

252 2059 360 2094 ciunt
377 2059 507 2094 Turic.
529 2057 631 2093 Flor.
653 2058 784 2093 Ambr.
814 2070 845 2092 1.

339 2123 375 2158 5.
407 2117 497 2162 agit.
510 2113 658 2148 Tmie.
689 2112 738 2159 (a
758 2126 814 2161 pr.
835 2110 979 2155 manu)
1007 2111 1062 2145 nit
1091 2123 1177 2145 cum
1207 2107 1308 2144 Alm.
1387 2145 1392 2153 ι

333 2170 415 2218 plus
440 2183 558 2218 quam.
617 2169 743 2203 Turic.
771 2169 880 2216 prius.
911 2166 1042 2201 Ambr.
1070 2179 1102 2199 ι.
1124 2175 1159 2201 2.
1185 2179 1241 2213 pn
1231 2175 1286 2198 1us
1306 2175 1424 2212 quam.

335 2227 426 2270 ttaj
411 2227 596 2259 actionem.
656 2223 781 2258 Guelf.
806 2223 1036 2266 rejectionem
1069 2233 1156 2255 cum
1190 2218 1307 2255 Goth.
1328 2217 1430 2255 Voff.
1455 2224 1490 2250 2.
1515 2222 1551 2257 3·

253 2279 353 2319 Vall.
515 2280 693 2326 deprecat.
725 2278 853 2312 Τ11110.
875 2275 1000 2311 Guelf.
1024 2275 1140 2312 Goth.
1171 2278 1256 2318 (tac.
1278 2272 1402 2319 Gesn.)
1423 2273 1552 2318 Camp.

255 2336 441 2371 omittunt
459 2348 536 2381 que.
702 2334 786 2367 lirbe
777 2347 829 2372 r‚a
860 2331 1100 2378 effrenatior-e.
1141 2329 1270 2364 Turio.
1300 2327 1410 2362 libere
1428 2325 1554 2373 frena-

239 2393 391 2432 ·tionem
432 2390 548 2434 (cum
568 2387 680 2428 Alm„
695 2392 711 2431 )
739 2402 757 2422 a
780 2389 846 2422 sec.
863 2400 979 2421 manu
1014 2387 1129 2422 libera
1161 2384 1416 2432 effrenatione,
1445 2391 1481 2415 et
1507 2380 1556 2414 fio

255 2446 385 2494 Camp.
405 2444 490 2479 Ald.
514 2444 640 2478 Placet
669 2444 843 2478 Gesnero.
885 2442 932 2476 cf.
955 2453 991 2488 9,
1021 2455 1053 2482 1,
1075 2451 1138 2484 52.

334 2502 567 2545 adjuvantur.
619 2499 749 2534 Turio.
782 2497 830 2544 (a
868 2497 934 2533 sec.
975 2499 1119 2545 manu)
1158 2497 1288 2543 Camp.
1328 2492 1553 2537 adjuventur.

252 2555 378 2590 Placet
397 2555 616 2590 admodum.

330 2618 365 2655 4.
416 2612 514 2659 quod
547 2610 713 2644 medicor.
771 2607 901 2643 Turic.
943 2621 1014 2657 qua
1044 2621 1089 2642 11ι.

309 2715 345 2753 q'.
368 2708 508 2757 scierit.
542 2707 617 2743 scil.
643 2711 783 2746 orator,
815 2707 879 2743 vel
990 2708 1181 2744 Mocus-
1198 2712 1306 2741 actus.
1329 2700 1424 2741 cf.·2‚
1444 2705 1503 2742 ¹32
1517 2707 1551 2743 9·

251 2760 283 2797 is
296 2787 306 2802 ,
326 2764 395 2809 qui
415 2764 520 2800 dicit.
549 2763 596 2800 cf.
623 2764 667 2798 ad
680 2773 714 2802 2,
734 2777 747 2797 1
760 2769 794 2806 5,
811 2777 825 2798 1
838 2773 872 2798 2.
1383 2777 1387 2780 ·
