1586 2990
204 242 301 290 432
334 219 337 222 ’
520 231 595 278 Μ.
627 232 758 277 FAB.
793 231 1200 292 QUlNTlLIANI

205 352 656 417 (declamatoribus
680 353 820 416 dico)
849 353 973 421 quid
991 355 1220 416 proderit
1246 354 1335 406 hoc
1362 356 1505 405 intel-

205 426 394 502 lext‘ffe,
423 426 514 500 ntsi
539 430 846 477 dixerimus?
896 431 1031 492 Ergo
1056 428 1092 476 fi
1113 445 1235 478 vere
1255 441 1502 495 ageretur,

205 503 433 552 [imiliter
482 503 758 552 confilium
807 504 943 551 illud
994 505 1156 552 latens
1202 504 1504 569 prodidisse-

202 580 360 627 mus‘?
429 579 570 645 Quid
599 577 636 625 fi
673 595 845 643 neque
876 580 1060 643 utique
1090 595 1278 628 verum
1308 579 1404 638 est,
1452 592 1506 631 et

201 655 390 703 habere
415 655 538 702 alias
565 653 651 700 hic
680 653 950 702 damnatus
971 654 1360 703 contradicendi
1387 672 1505 704 cau-

201 729 274 777 sas
300 727 480 794 potest,
515 731 602 776 vel
626 728 772 792 quod
793 730 959 794 legem
983 727 1385 779 conservandam
1407 747 1506 795 pu·

199 814 296 860 tet,
336 804 422 851 vel
451 804 595 867 quod
624 805 759 853 nolit
789 803 1067 853 accusatori
1099 804 1286 853 debere
1312 804 1504 854 benefi-

200 881 366 935 cium,
414 879 501 926 vel
533 878 711 943 (quod
745 895 840 943 ego
879 881 1101 927 maxime
1130 879 1404 944 sequerer)
1444 890 1504 929 ut

133 966 183 1004 34
199 956 529 1002 innocentem
550 954 600 1001 se
625 955 682 1002 in
705 956 971 1003 tormentis
992 941 1294 1020 peftendat?
1334 959 1502 1024 Quare

194 1046 262 1078 ne
293 1027 431 1077 illud
453 1029 669 1093 quidem
689 1025 890 1094 semper
915 1029 1178 1078 succurret
1199 1030 1264 1078 [ic
1285 1030 1502 1078 dicenti-

193 1105 311 1161 bus,
336 1106 678 1152 Patrocinium
697 1103 788 1152 hoc
808 1105 985 1162 voluit,
1011 1108 1098 1168 qui
1111 1102 1502 1176 controverfiam'

179 1178 358 1250 finxit.
423 1177 641 1227 Fortass'e
680 1180 822 1227 enim
856 1180 1053 1246 noluit:
1105 1179 1192 1228 sed
1230 1179 1360 1238 esto,
1402 1197 1500 1229 vo-

192 1255 376 1303 luerit:
433 1255 782 1311 continuone,
832 1253 869 1301 fi
917 1255 1008 1301 ille
1047 1253 1198 1302 stulte
1238 1256 1497 1320 cogitavit,

191 1330 351 1378 nobis.
377 1346 591 1394 quoque
624 1327 776 1377 stulte
804 1327 1088 1376 dicendum
1117 1328 1223 1376 est?
1302 1328 1368 1379 At
1401 1345 1497 1394 ego
1564 1389 1570 1393 „

274 1459 544 1494 contradicendi
570 1457 703 1506 causas.
754 1457 885 1493 Turio.
907 1472 935 1494 c.
957 1456 1081 1506 causas
1101 1458 1136 1494 d.
1169 1458 1214 1494 cf.
1240 1463 1276 1501 4,
1297 1467 1334 1498 2,
1365 1464 1452 1502 128.

274 1515 378 1550 nolit.
424 1514 554 1549 Tul-ic.
579 1512 682 1548 Flor.
707 1512 836 1561 Camp.
857 1514 970 1549 nolet.
1008 1513 1121 1549 Male.
1262 1511 1432 1562 sequerer
1459 1522 1499 1548 ut
1532 1524 1537 1525 ⁷

191 1571 309 1605 innoc.
365 1569 494 1604 Turio.
516 1568 618 1603 Flor.
642 1581 730 1604 cum
751 1568 851 1604 Ahn.
874 1569 1057 1604 omittunt
1084 1576 1133 1605 ut.
1178 1569 1289 1603 Unde
1319 1568 1497 1616 equidem

191 1638 320 1660 eruam
336 1623 470 1673 sequar
497 1632 537 1658 ut
565 1625 637 1658 itm.
691 1623 828 1671 Neque
860 1624 962 1658 enim
983 1623 1119 1663 video,
1151 1637 1262 1671 quem
1282 1622 1411 1658 locum
1431 1623 1496 1658 ha-

191 1679 276 1715 beat
304 1680 588 1727 in1pe1·fectu111,
623 1691 710 1713 cum
741 1691 864 1726 neque
892 1679 1049 1714 addatur
1073 1691 1196 1726 neque
1226 1677 1334 1713 facile
1355 1677 1496 1714 intelli·
1538 1704 1539 1708 ,

189 1745 320 1782 gatur:
362 1736 424 1774 „fi
450 1734 552 1768 causa
574 1733 639 1767 ista
662 1733 763 1767 mihi
791 1733 931 1780 agenda
962 1734 1096 1771 effet.“
1151 1733 1308 1781 Reliqui
1339 1734 1496 1781 quidem

190 1789 303 1823 etiam
325 1787 368 1836 se
397 1788 537 1823 habent
565 1789 647 1836 post
673 1797 723 1823 ut.
774 1789 857 1823 Nos
887 1788 1154 1836 expunximus.
1197 1790 1292 1823 Item
1326 1798 1494 1836 transpo-

187 1854 286 1878 nunt
306 1843 431 1878 Guelf.
461 1843 577 1878 Goth.
604 1845 699 1887 (tae.
722 1843 856 1884 Gesn.)
880 1845 916 1876 in
947 1851 1049 1877 torm.
1073 1845 1188 1877 innoc.
1234 1853 1270 1877 ct
1295 1842 1425 1891 Camp.
1456 1845 1494 1876 in

189 1906 292 1932 torm.
324 1912 401 1932 noc.
595 1900 715 1932 innoc.
738 1896 780 1945 se
806 1898 842 1931 in
871 1906 975 1933 torm.
1001 1911 1036 1943 p.
1093 1898 1223 1932 Tui-ic.
1259 1897 1360 1932 Flor.
1391 1899 1492 1932 inno—

188 1966 269 1987 cens
291 1952 360 2002 effe
389 1955 412 1987 i.
436 1962 461 1988 t.
488 1966 526 2000 p.
574 1954 633 1987 Ex
661 1951 761 1987 Alm.
794 1954 961 1987 innocens
982 1953 1006 1988 ι’.
1038 1960 1062 1986 t.
1086 1950 1155 2000 effe
1179 1966 1216 1999 p.
1255 1953 1347 1987 Non
1379 1953 1491 1988 credo

186 2006 262 2053 (cf.
287 2012 318 2055 ᾖ.
344 2008 406 2050 46.
436 2008 528 2042 item
552 2009 654 2052 88.).
699 2007 856 2054 Reliqui
881 2009 1104 2042 innocentem
1128 2009 1150 2040 ι’.
1175 2015 1199 2041 t.
1224 2005 1291 2055 effe
1315 2021 1352 2055 p.

270 2063 473 2110 pertendat.
528 2063 589 2098 Sic
620 2073 655 2097 et
683 2063 813 2097 Turic.
842 2062 974 2097 Ambr.
1005 2076 1038 2098 1.
1069 2071 1104 2097 2.
1138 2061 1237 2097 Flor.
1271 2063 1366 2110 (per
1388 2075 1492 2098 com·

185 2123 370 2171 pendium
406 2123 589 2180 ptendat)
628 2121 753 2157 Guelf.
786 2122 916 2170 Camp.
950 2134 1038 2157 cum
1072 2120 1183 2156 Bodl.
1214 2121 1294 2156 Bal.
1327 2122 1427 2159 Voss'.
1453 2131 1491 2166 3.

184 2191 295 2225 Bern.
322 2201 357 2224 et
386 2190 470 2224 edd.
500 2201 583 2225 ante
610 2189 700 2225 Bad.
724 2203 797 2225 acc.
821 2189 916 2226 Obr.
945 2190 1051 2225 Gesn.
1098 2188 1255 2237 Reliqui
1284 2189 1493 2225 deteriores

221 2260 227 2265 ·
274 2246 409 2280 tendat.

182 2259 334 2344 praegss
370 2296 463 2346 esto,
493 2299 661 2336 voluerit.
703 2299 834 2335 Turio.
859 2312 889 2334 e.
908 2299 1027 2353 voluit
1048 2311 1135 2334 cum
1155 2298 1256 2335 Alm.
1295 2298 1367 2334 Sed
1387 2299 1489 2336 Flor-

183 2369 215 2392 e.
244 2356 374 2390 noluit.

238 2461 303 2499 33.
323 2453 501 2504 sequerer.
541 2453 588 2491 cf.
619 2462 698 2489 not.
724 2453 807 2488 crir-
863 2466 949 2501 pam
971 2454 1168 2500 agniturus
1195 2454 1247 2488 fit.
1302 2455 1406 2490 Haec
1424 2453 1488 2490 vel

238 2518 278 2544 ut
334 2512 450 2544 innoc.
498 2527 553 2538 —
602 2509 806 2558 pertendat.
863 2507 1020 2544 firmitas
1037 2508 1099 2543 vel
1116 2510 1354 2544 contumacia
1373 2509 1423 2544 est
1442 2509 1485 2543 in

181 2564 347 2600 Tantum
369 2565 476 2604 abest,
501 2576 544 2600 ut
570 2564 694 2599 ullum
719 2575 808 2598 con·
861 2564 1116 2611 pertendendo.
1164 2564 1210 2599 cf.
1242 2564 1416 2600 Oudend.
1450 2573 1487 2597 et

177 2620 308 2660 scium,
323 2620 461 2654 nedum
481 2619 603 2654 filium
624 2621 666 2654 fit
681 2618 806 2653 norni-
860 2619 950 2653 lim.
975 2619 1017 2652 ad
1038 2620 1191 2654 Sueton.
1212 2619 1253 2653 in
1265 2619 1343 2654 vita
1357 2617 1486 2668 Plinii.

176 2685 347 2714 naturus.
380 2685 422 2708 ut
442 2688 488 2709 ne
512 2675 613 2709 suam
636 2673 804 2722 quidem,
860 2674 953 2707 item
989 2675 1120 2709 Burm.
1159 2673 1205 2709 ad
1245 2675 1417 2723 Propert-
1445 2682 1481 2712 2,

176 2729 285 2775 cujus
306 2729 501 2766 damnatus
523 2730 601 2776 jam
622 2730 693 2771 est,
726 2727 806 2766 cul·
863 2738 925 2768 ιιι,
958 2737 1019 2773 ι7.
