1586 2990
203 189 295 222 120
510 177 585 222 M.
619 177 750 222 ΕΑΒ.
789 175 1194 237 QUINTILIANI
1489 203 1510 213 -

199 315 472 365 nunquam
493 300 646 347 etiam
666 315 786 347 reus
807 297 894 344 hic
918 297 1079 344 totius
1101 295 1355 347 summam
1378 315 1500 346 con-

202 374 389 432 stituit,
429 373 466 424 fi
494 373 861 422 exheredatum
883 369 982 417 ase
1001 368 1170 419 filium
1194 384 1336 437 pater
1357 373 1502 420 testa-

201 459 285 503 tus
314 442 474 498 fuerit
502 450 701 511 elogio:
753 456 1024 510 propterea
1059 448 1196 510 quod
1215 451 1256 496 is
1279 451 1501 496 meretri-

202 542 305 573 cem
336 526 599 572 amaverit.
674 523 813 569 Nam
839 522 1009 568 omnis
1031 520 1118 568 hic
1145 521 1396 584 quaestio,
1437 539 1502 570 an
1560 525 1563 527 ’

201 601 329 649 huic
354 599 542 645 delicto
565 607 709 661 pater
729 596 967 645 debuerit
988 595 1265 659 ignoscere,
1303 608 1352 644 et
1371 599 1505 646 Cen-
1574 619 1576 622 v

202 674 421 721 tumviri
445 673 675 721 tribuere
698 671 915 719 debeant
941 672 1160 719 veniam.
1223 673 1322 719 Sed
1351 674 1504 720 etiam

201 749 259 799 ‚in
279 747 534 802 formulis,
573 765 693 795 cum
721 747 992 812 poenariae
1012 745 1132 795 sunt
1158 744 1395 803 actiones,
1435 748 1505 793 ita

202 821 403 869 causam
431 823 708 887 partimur,
741 840 808 870 cm
834 817 1172 892 commiffasic
1201 824 1401 884 poena?
1437 839 1505 869 an

201 899 346 964 exigi
367 895 584 955 debeat?
637 897 697 945 Id
719 908 916 953 autem,
955 895 1101 960 quod
1129 896 1211 943 illi
1244 895 1505 952 viderunt,
1578 928 1586 947 f

201 988 389 1019 verum
410 971 504 1029 est,
544 987 693 1020 reum
725 989 752 1019 a
775 969 1037 1033 judicibus
1066 971 1168 1020 hoc
1194 969 1506 1019 defensionis

132 1058 186 1087 2¹
202 1046 363 1095 modo
392 1046 600 1095 liberari
621 1062 729 1095 non
753 1045 904 1112 poffe.
956 1046 1048 1093 De
1073 1049 1312 1108 praemiis
1335 1056 1507 1095 autem

202 1132 528 1186 quaeruntur
574 1121 712 1170 duo:
773 1122 866 1172 An
907 1120 1009 1170 zello
1045 1117 1122 1190 fit
1163 1121 1371 1188 dignus,
1421 1123 1507 1185 qui
1517 1129 1586 1176 629

197 1195 383 1261 petit?
410 1214 478 1244 αη
508 1199 685 1245 tanto?
736 1213 798 1246 ex
829 1196 1062 1251 duobus,
1110 1196 1243 1246 Uter
1266 1197 1508 1263 dignior?

201 1288 266 1319 ex
316 1271 585 1335 pluribus,
618 1271 768 1342 ‚Quis
818 1273 963 1339 digni
1006 1272 1168 1318 lmus?
1267 1275 1509 1338 Quorum

201 1355 443 1395 tractatus
467 1362 528 1393 ex
547 1344 658 1410 ipso
680 1347 989 1397 meritorum
1019 1361 1206 1409 genere
1225 1344 1506 1394 ducuntur.

203 1422 269 1470 Et
302 1421 628 1471 intuebimur
664 1438 776 1471 non
822 1439 927 1470 rem
964 1429 1195 1476 tantum,
1242 1419 1349 1470 five
1386 1421 1511 1468 alle·

288 1613 352 1641 20.
392 1617 457 1641 eon
474 1607 594 1645 [issant
626 1604 954 1655 fi.'1'uric.(a
994 1616 1052 1651 pr.
1090 1602 1233 1645 manu)
1282 1598 1508 1648 constitutam

203 1659 337 1708 verofi
364 1658 481 1708 (cum
503 1661 602 1696 Alm
614 1663 643 1705 ).
681 1660 741 1694 An
766 1671 844 1695 erat
870 1656 1103 1706 constituerit,
1132 1657 1250 1692 modo
1272 1653 1506 1704 potentiali?

279 1714 464 1760 formulis.
511 1714 827 1761 Guelf.f01mula
1042 1714 1238 1759 poenariae
1260 1727 1313 1738 —-
1335 1712 1507 1746 actiones.

204 1768 335 1803 Turic.
368 1772 545 1816 poenaria
562 1767 616 1818 fic
647 1771 826 1808 actiones,
868 1781 888 1801 a
918 1767 985 1805 fec.
1013 1780 1128 1802 manu
1148 1785 1202 1794 -—-
1224 1767 1379 1800 actionis
1400 1776 1435 1799 et
1463 1766 1510 1799 fic

205 1823 330 1858 Guelf.
371 1827 549 1870 poenaria
577 1824 630 1872 fit
654 1826 750 1858 accio
779 1824 908 1870 Camp.
951 1834 1036 1858 eum
1067 1821 1182 1857 Goth.
1214 1821 1315 1858 Voff.
1341 1830 1376 1855 2.
1409 1818 1508 1856 Vall-

201 1877 489 1928 poenariaefinc
512 1881 665 1913 actionis
685 1879 780 1916 Jens.
804 1891 890 1912 cum
912 1877 995 1912 edd.
1015 1887 1099 1911 ante
1118 1875 1206 1911 Ald.
1239 1875 1382 1911 Omnes
1404 1886 1510 1923 prae·

202 1938 267 1966 ter'
285 1933 414 1974 Turio
435 1933 694 1968 Al111.nost1·is
716 1933 844 1968 verbis
871 1931 1077 1977 fubjiciunt
1104 1943 1180 1966 nos.

287 1997 352 2022 21.
383 1989 459 2022 ullo
470 1988 524 2037 fit
545 1985 1045 2035 dignm.Tu1·ic.ullofint
1072 1985 1230 2033 dignius,
1261 1998 1279 2019 a
1306 1985 1373 2019 sec.
1383 1981 1511 2027 'manu

183 2039 231 2088 [ἱ
250 2042 344 2076 ullus
363 2042 418 2091 fic
444 2043 504 2089 dig
490 2056 576 2077 onus
603 2055 639 2078 et
670 2045 716 2079 fic
747 2042 871 2077 Guelf.
891 2040 927 2090 fi
951 2041 1014 2075 illo
1038 2039 1071 2088 s.
1105 2041 1294 2088 d.Can1p.

286 2099 410 2142 petit?
438 2111 486 2130 an
516 2102 648 2132 tanto?
689 2112 742 2133 ex.
793 2097 924 2131 Turic.
950 2110 987 2143 p.
1019 2104 1121 2129 tanto
1151 2108 1206 2130 ex.
1249 2108 1269 2128 a
1296 2094 1381 2130 sec.
1394 2105 1511 2128 manu

202 2163 241 2197 p.
264 2158 366 2185 tanta
387 2163 430 2186 ex
459 2162 496 2187 et
514 2154 562 2187 fic
590 2153 715 2189 Guelf.
754 2165 792 2199 p.
813 2165 861 2187 an
882 2159 986 2186 tanta
1007 2159 1109 2185 tanto
1134 2162 1178 2185 ex
1201 2150 1330 2195 Camp.

258 2300 322 2325 20.
368 2292 502 2339 elogio.
566 2292 743 2339 Proprie,
786 2291 829 2326 in
884 2301 1096 2338 „negarunt
1116 2290 1157 2324 in
1183 2288 1374 2335 judicium
1401 2285 1507 2322 veni-

204 2342 307 2378 causa
328 2345 632 2381 exheredationis
660 2346 826 2395 ascripta.
882 2351 977 2386 „re“
1010 2349 1043 2391 ᾗ.
1079 2354 1139 2387 17.

203 2399 292 2433 vide
313 2401 421 2435 Briff.
444 2401 489 2436 de
509 2402 554 2439 V.
576 2403 612 2436 S.
939 2410 1005 2435 21.
1046 2397 1251 2446 alleganda.
1298 2397 1393 2432 Non
1423 2395 1505 2443 qui·

254 2456 453 2501 poenariae
473 2474 527 2483 —
553 2457 722 2490 actiones.
779 2456 826 2491 cf.
885 2454 969 2489 dem
997 2454 1188 2502 pertinens
1209 2452 1274 2488 ·ad
1303 2452 1507 2499 impetran-

208 2517 256 2549 45
275 2517 311 2550 52
343 2520 378 2555 9·
887 2510 978 2544 dum
1009 2509 1240 2557 pmemium,
1281 2506 1341 2541 sed
1369 2504 1507 2551 judici-

262 2564 360 2609 quod
387 2564 444 2597 illi
470 2564 648 2599 viderunt:
688 2564 750 2598 Sic
777 2566 829 2599 υἱ·
885 2564 957 2599 bus
997 2563 1211 2611 p1aemium
1251 2558 1506 2596 tribuentibus

205 2616 289 2650 dere
307 2618 501 2666 usurpavit
513 2629 549 2652 et
569 2619 667 2652 infra
689 2628 724 2661 7,
741 2619 776 2657 6,
794 2624 827 2660 4.
884 2619 1087 2666 petitorem
1131 2614 1406 2652 commendans.
1459 2612 1504 2647 cf.

206 2670 269 2707 Illi
298 2673 380 2708 suut
410 2673 526 2721 qui,
529 2674 830 2723 ‚deprecationem
888 2679 922 2716 4,
958 2685 991 2714 ι,
1027 2681 1088 2715 ²5·
