1586 2990
0 214 2 233 ,
314 174 478 221 mer.
521 173 798 226 ORATOR,
841 171 962 218 Lm.
1000 171 1087 229 IX,
1129 184 1169 217 1.
1311 171 1407 231 565

0 239 3 261 Ι

0 283 2 340 J
83 303 255 363 dinis:
313 301 559 367 ideoque,
579 300 739 350 multi
764 299 938 365 tropis·
964 297 1069 353 hoc
1102 314 1269 364 genus
1302 298 1411 347 exi-

81 390 253 441 gaunt.
331 377 606 429 Transfert
635 388 812 426 tamen
839 376 1063 426 verbum
1093 386 1186 425 aut
1208 386 1412 449 partem

83 461 202 520 eius
227 474 258 505 a
278 454 376 506 suo
401 457 521 506 loco
543 456 603 504 in
625 455 870 503 alienum.
917 457 923 461 ’
949 456 1157 506 Horum
1182 452 1323 502 nihil
1353 453 1450 504 in7

86 533 284 600 figuras
307 532 456 582 cadit.
528 534 671 581 Nam
694 541 745 580 et
767 532 996 596 propriis
1017 531 1216 588 verbis,
1255 539 1307 578 et
1330 546 1416 579 or-

88 610 216 661 dine
247 611 512 661 collocatis
542 607 710 675 figura
734 605 849 656 fieri
875 606 1056 674 potest.
1130 605 1416 679 Quomodo

89 698 268 737 autem
307 690 491 753 {sonia
511 687 609 735 alia
650 685 712 735 [it
749 687 915 751 tropi,
974 686 1073 734 alia
1110 683 1419 740 schematos,

88 763 188 815 suo
219 765 339 814 loco
373 763 606 813 reddam.
685 763 903 812 Nomen
937 763 1082 812 enim
1118 760 1285 810 fateor
1312 758 1418 832 ⁴effe

91 856 393 899 commune,
417 851 469 889 et
485 839 609 899 fcio,
630 857 787 906 quam
808 841 1162 906 multiplicem
1177 839 1423 896 habeant,

92 934 362 984 quamque
384 915 739 983 scrupulosam
763 917 1210 984 disputationem:
1251 913 1342 964 sed
1365 931 1427 963 ea

91 1011 206 1046 non
235 996 465 1061 pertinet
494 994 561 1043 ad.
592 992 830 1060 praesens
857 1010 1042 1042 meum
1075 991 1423 1060 propositum.

91 1071 253 1128 Nihil
317 1071 463 1119 enim
522 1070 710 1129 refert,
783 1070 1060 1135 quomodo
1129 1070 1426 1136 appelletur

29 1179 41 1201 ι
91 1147 407 1207 utrumlibet
444 1164 658 1207 eorum,
705 1146 769 1207 fi,
819 1146 953 1213 quid
989 1148 1218 1198 orationi
1245 1144 1425 1215 profit,

93 1324 218 1366 tunso,
239 1335 320 1360 non
339 1334 439 1372 pars,
461 1323 628 1372 reperio,
654 1323 696 1358 in
719 1323 844 1359 tribus
867 1323 1139 1358 commentarii
1158 1323 1324 1372 Regiani
1347 1321 1427 1358 edi-

96 1378 380 1416 tionibus'Loc.
401 1380 495 1416 Ven.
519 1380 649 1421 Rusc.,
680 1390 724 1416 ut
744 1378 1021 1430 antonomasiae
1043 1380 1132 1415 ess'et
1150 1380 1317 1421 dativus,
1347 1391 1430 1415 11011

97 1436 180 1471 lane
208 1433 407 1484 probabili
438 1434 571 1472 modo.
804 1437 922 1484 tropis
939 1453 996 1464 -—
1017 1438 1082 1470 ιΐιιε
1109 1444 1264 1483 partem.
1322 1436 1432 1483 Quae

97 1491 206 1527 hisce
235 1491 546 1538 interjiciuntur,
589 1492 738 1528 omittit
769 1492 900 1528 Turic.
935 1491 1025 1527 cum
1053 1491 1157 1527 Alm.
1216 1490 1288 1527 Ille
1318 1505 1338 1527 a
1360 1492 1431 1531 sec.

99 1540 219 1585 :itanu
240 1546 334 1583 haec
359 1560 515 1606 quoque
539 1547 622 1584 dat:
656 1550 842 1596 tropz'zant
862 1556 1017 1596 partem.

187 1613 225 1647 7.
247 1601 465 1651 schemate-5.
507 1604 570 1639 Sic
592 1604 723 1640 Tui-ic.
743 1604 871 1642 Guelf.
894 1617 982 1640 011111
1001 1606 1108 1643 Voff.
1135 1617 1167 1641 1.
1193 1614 1230 1648 5.
1271 1604 1434 1653 Reliqui

94 1658 303 1710 schematis.
524 1661 681 1696 Nomen.
737 1662 869 1697 Turic.
901 1660 1026 1696 Guelfr
1064 1663 1196 1710 Camp.
1220 1662 1310 1697 Non
1343 1675 1434 1696 cum

102 1714 203 1752 Alm.
225 1713 339 1751 Bodl.
362 1714 483 1750 Andr.
516 1727 553 1751 et
581 1717 665 1752 edd.
695 1729 780 1752 ante
801 1717 893 1754 Bad.
947 1718 1133 1753 Nostrum
1156 1720 1290 1753 Ioann.
1313 1718 1433 1768 Gotli.

101 1770 208 1810 Voff.
226 1784 259 1807 1.
274 1781 310 1808 2.
326 1780 363 1815 5.
394 1770 496 1809 Van.
527 1771 623 1809 Obr.
665 1773 825 1822 Reliqui
846 1775 994 1808 nomine
1017 1788 1036 1809 e
1062 1775 1282 1821 conjectura
1306 1774 1433 1810 Badii.
1462 1816 1467 1820 ¹

187 1841 394 1868 conunune,
425 1836 471 1863 et.
521 1829 653 1866 Tui-ic.
686 1829 814 1865 Guelf.
845 1844 873 1866 e.
905 1830 992 1865 haec
1022 1843 1110 1866 cnm
1142 1830 1260 1866 Goth.
1313 1845 1341 1866 e.
1366 1831 1435 1866 lzoc

99 1884 204 1924 'Voff-
234 1898 268 1920 1.
292 1895 328 1920 2.
357 1892 396 1928 3.
430 1883 517 1920 dare
549 1897 762 1922 narrantur.
804 1886 937 1922 Turio.
966 1885 1014 1931 (a
1033 1887 1101 1922 sec.
1123 1889 1266 1933 manu)
1299 1889 1432 1936 Camp.

103 1940 308 1981 communia
326 1940 404 1975 hoc.
445 1941 543 1977 Jens.
558 1945 763 1977 communia
783 1942 870 1977 haec
890 1951 926 1976 et
944 1955 1032 1978 cum
1053 1942 1216 1991 reliquis
1242 1943 1326 1978 edd.
1350 1957 1433 1980 exc.

104 1995 202 2032 Obr.
233 1995 304 2044 qui
324 1995 494 2031 nostrum
525 2008 679 2033 auctore
710 1999 843 2039 Ioann.
871 2009 908 2033 et
930 1997 1029 2035 Vall.
1059 1999 1128 2033 nisi
1158 1994 1266 2046 quod
1286 2000 1350 2035 hic
1366 1998 1435 2048 sed

105 2064 179 2102 pro
203 2059 250 2087 et.
290 2052 404 2086 Bern·
428 2052 594 2093 accedit,
625 2054 687 2088 sed
709 2053 797 2088 dare
820 2065 995 2108 narratssu·
1019 2054 1104 2089 haec
1125 2063 1162 2090 et
1182 2055 1304 2091 simul.

192 2120 381 2156 quamque.
433 2107 495 2142 Sic
526 2106 620 2143 libri
648 2109 728 2144 mei
749 2121 881 2144 omnes
901 2120 1050 2157 praeter
1068 2112 1202 2146 Burm.
1233 2112 1303 2160 qui
1323 2125 1435 2160 quan-

109 2177 240 2213 quam,
269 2156 338 2212 per
359 2161 527 2211 sphalma
553 2175 742 2212 putarem,
770 2166 839 2200 nisi
859 2165 1072 2211 subjeciffet
1097 2180 1116 2202 e
1135 2167 1240 2205 Voff.
1270 2182 1302 2204 1.
1327 2181 1437 2217 quam

110 2231 132 2255 e
151 2220 257 2260 Voss'.
279 2230 316 2255 2.
341 2220 562 2269 quanquam,
594 2222 815 2267 cujusmodi
834 2221 938 2256 nihil
958 2223 1000 2257 in
1020 2222 1149 2259 Guelf.
1173 2238 1244 2260 nec
1263 2224 1382 2260 Goth.

194 2275 244 2311 ad
263 2273 433 2324 praesens
457 2290 583 2312 meum.
627 2278 760 2315 Turic.
783 2279 832 2314 ad
853 2291 934 2314 eum
953 2293 990 2326 p.
1022 2292 1042 2313 a
1066 2279 1135 2315 see.
1158 2294 1274 2317 manu
1299 2281 1349 2317 a'd
1368 2295 1407 2331 p.

164 2408 230 2435 aut
258 2409 400 2446 partem
426 2401 515 2445 ejus.
555 2403 671 2438 Recte
696 2402 744 2438 ad
800 2402 947 2443 duabus
1019 2404 1169 2440 ironiae
1227 2405 1436 2454 speciebus,

112 2455 278 2504 Virgilii
296 2455 363 2490 illa
392 2461 465 2492 11οέ
482 2458 646 2494 remittit
670 2461 743 2495 Re-
799 2459 917 2496 altera
947 2461 1073 2510 tropi,
1126 2461 1244 2498 altera
1271 2461 1438 2498 schema·

113 2511 201 2560 gius
222 2519 260 2556 g,
285 2512 322 2553 6,
346 2511 409 2548 66.
802 2526 872 2551 tos.

171 2577 208 2611 7.
229 2566 301 2616 suo
331 2569 413 2604 loco
444 2569 608 2607 reddam.
642 2583 678 2620 9,
706 2582 744 2614 2,
859 2573 947 2621 quid
970 2593 1024 2600 —
1043 2573 1168 2624 profit.
1218 2576 1440 2611 Pronomen

169 2651 177 2659 .
803 2628 980 2664 adverbii
1008 2629 1097 2665 loco
1138 2631 1288 2680 accipe,
1329 2630 1441 2667 velut

167 2680 336 2716 habeant.
374 2680 415 2715 Si
431 2681 639 2727 subjectum
659 2683 745 2732 plu·
803 2686 999 2734 quomodo.
1046 2688 1102 2721 Ita
1130 2681 1223 2723 moi<
1244 2691 1277 2734 ᾖ.
1303 2694 1342 2733 8.
1366 2700 1442 2724 non

113 2735 204 2772 ralis
232 2737 349 2784 hujus
387 2738 578 2785 requiris,
626 2740 675 2774 est
703 2741 747 2778 in
804 2743 902 2777 am‘m
919 2742 1129 2780 nominibus
1149 2742 1314 2793 prosunt.

112 2629 164 2669 44
