1586 2990
274 209 434 255 INST.
482 208 753 254 ORATOR.
797 207 919 252 Lm.
965 206 1082 263 vn,
1130 219 1174 252 1.
1329 217 1392 265 59

64 345 127 386 ut
156 351 494 402 quaeramus,
533 331 667 399 quid
700 323 804 380 tam
827 348 1021 397 aequae
1046 330 1392 399 postulationi

54 411 475 478 respondeatur?
505 413 570 459 At
594 410 651 458 id
678 407 1012 458 manifestum
1034 407 1119 456 est.
1171 411 1280 457 Lex
1300 405 1388 465 est,

63 507 199 554 quae
211 487 357 553 jubet
375 486 672 538 exheredem
693 481 796 559 effe
821 504 958 544 eum,
995 488 1083 551 qui
1101 488 1246 550 patri
1264 501 1390 548 pro-

63 566 265 614 dicionis
287 581 374 614 reo
394 560 492 613 non
512 559 757 636 aff'uerit:
780 573 834 611 tu
856 574 1026 612 autem
1047 580 1145 611 non
1164 557 1387 635 afflasti.

64 645 211 693 Hanc
242 638 658 707 propositionem
693 637 961 689 necess'aria
997 639 1231 705 sequitur
1258 638 1387 703 legis

62 717 323 776 laudatio,
364 728 415 766 et
444 721 584 780 ejus,
638 718 735 781 qui
767 734 879 767 non
909 714 1144 775 affuerit,
1178 717 1388 781 vitupe-

61 796 210 844 ratio.
277 794 468 843 Adhuc
506 793 776 843 versamur
817 794 875 842 in
915 792 1158 843 confeffis.
1210 792 1389 842 redeat
1405 802 1455 842 48

60 872 269 920 animus
293 870 359 918 ad
380 871 686 936 petitorem:
727 870 992 935 numquid.
1022 888 1133 920 non
1167 870 1270 919 hoc
1302 886 1389 919 co-

61 948 190 1012 gitet
214 940 412 1005 necess'e
449 945 522 994 est
558 946 689 1014 (nisi
730 948 825 1010 qui
873 946 934 994 fit
972 948 1126 1011 plane
1164 946 1387 1011 hebes):

62 1025 121 1072 Si
142 1024 227 1073 lex
251 1019 447 1091 obstat,
471 1023 613 1071 nulla
637 1023 698 1071 lis
721 1019 823 1091 est,
857 1026 1004 1072 inane
1009 1022 1260 1086 judicium
1285 1019 1390 1091 est.-

57 1102 205 1164 atquz'
233 1110 284 1147 et
318 1099 486 1168 legem
519 1095 645 1173 effe,
689 1110 740 1147 et
768 1099 885 1158 hoe,
923 1100 1063 1166 quod
1097 1118 1159 1148 ea
1187 1103 1388 1164 puniat,

57 1194 93 1224 a
143 1172 330 1244 rustico
366 1173 604 1245 saccum,
663 1187 814 1226 extra
858 1174 1220 1226 dubitationem
1275 1173 1389 1245 est?

57 1253 201 1321 Quid
222 1269 347 1318 ergo
381 1253 640 1302 dicimus?
675 1250 923 1322 Rusticus
957 1272 1112 1302 eram,
1168 1253 1270 1303 Sed
1302 1255 1388 1302 lex

0 1351 46 1392 9⁸
59 1339 201 1380 erat:
253 1346 436 1380 omnes
485 1331 888 1397 complectitur:
938 1331 1090 1381 nihil
1133 1324 1385 1398 proderit.

135 1504 176 1532 ut
201 1510 324 1546 quaer.
382 1497 514 1533 Turic.
547 1496 675 1533 Guelf.
707 1499 840 1546 Camp.
869 1506 911 1533 αε
940 1511 974 1548 q.
1016 1511 1106 1533 cum
1137 1497 1255 1533 Goth.
1285 1497 1383 1538 Jens.

53 1550 167 1588 Tarv.
197 1553 342 1601 Regius
365 1554 548 1602 utsupra.
721 1555 810 1603 quid
847 1562 932 1589 tam.
992 1555 1054 1590 Sic
1086 1555 1233 1590 Turia*
1255 1553 1381 1589 Guelf.

54 1609 186 1656 Camp.
219 1621 307 1643 cum
345 1609 461 1645 Goth.
509 1609 668 1658 Reliqui
699 1610 871 1645 inserunt
898 1610 990 1646 huic.

69 1685 73 1690 -
137 1663 342 1714 neceffaria.
387 1667 449 1700 Sic
484 1666 614 1702 Turic.
646 1670 694 1711 (a
728 1679 784 1715 pr.
815 1668 960 1710 manu)
991 1667 1103 1703 Tarv.
1133 1666 1295 1715 Reliqui
1322 1681 1383 1701 ne·

51 1718 212 1769 ceffario.
268 1721 470 1758 Neceffitas
503 1722 628 1770 logica
657 1723 735 1769 jam
781 1719 832 1757 eft
870 1723 911 1757 in
942 1722 1131 1773 sequendo
1168 1723 1273 1772 ipso,
1315 1737 1380 1758 ne-

51 1789 126 1823 que
167 1777 210 1812 in
237 1779 372 1813 ceteris
409 1778 558 1819 addita3
604 1791 695 1814 eum
728 1789 855 1814 autem
888 1779 933 1815 ab
972 1781 1101 1816 invito
1132 1782 1176 1816 fit
1206 1780 1380 1815 facienda

48 1829 240 1874 laudatio,
273 1833 370 1869 bene
396 1834 612 1883 appellatur
634 1833 840 1884 neceffaria.
871 1834 996 1872 Guelf.
1027 1850 1047 1871 a
1066 1837 1199 1886 priona
1229 1835 1381 1884 ‹ffuerit

49 1887 96 1922 ad
116 1887 280 1924 alterum
310 1891 460 1926 omittit
487 1891 628 1928 omnia.

134 1963 197 2002 48.
242 1960 421 2010 numquid
440 1974 515 1996 non
540 1961 607 1996 hoe
629 1963 777 2009 cogitet.
837 1962 967 1996 Turio.
993 1976 1028 1996 n.
1053 1976 1087 2010 q.
1122 1975 1196 1996 non
1218 1963 1327 2010 enim·
1345 1968 1391 1998 σ.“

49 2025 70 2047 a
89 2012 156 2048 [ee.
179 2027 296 2050 manu
317 2029 351 2050 η.
374 2030 406 2065 q.
427 2031 511 2051 nam
531 2018 588 2051 hic
607 2031 636 2053 c.
694 2017 822 2052 Guelf.
852 2032 886 2052 η.
907 2032 940 2066 q.
963 2032 1049 2052 nam
1069 2017 1137 2052 hoc
1157 2031 1185 2052 c.
1227 2018 1372 2066 camp.

49 2079 135 2102 nam
169 2069 309 2117 aliquid
339 2071 396 2105 hic
431 2086 458 2106 c.
497 2085 585 2107 cum
617 2073 735 2108 Goth.
778 2087 862 2107 nam
892 2074 995 2108 aliud
1031 2074 1088 2108 hic
1117 2087 1191 2108 non
1223 2087 1251 2107 c.
1284 2073 1372 2109 Ald-

48 2121 162 2156 Enim
182 2124 223 2158 in
241 2125 370 2162 Turio.
393 2140 462 2174 per
480 2128 518 2161 H
541 2128 734 2176 seriptum.
782 2129 827 2163 cf.
855 2129 890 2165 6.
911 2138 948 2172 3,
971 2139 1008 2173 7.
1130 2129 1263 2163 hebes.
1295 2129 1374 2164 Tu-

47 2178 116 2213 ric.
148 2179 273 2225 Guelf.
307 2182 438 2230 Camp.
470 2182 571 2217 heres
595 2196 683 2218 cum
703 2182 806 2220 Alm.

131 2236 250 2271 inane.
306 2238 403 2274 Jenf.
450 2240 547 2282 (tac.
579 2239 720 2288 Gesn.)
752 2253 857 2275 mane
893 2252 984 2275 cum
1030 2239 1114 2276 edd.
1160 2250 1245 2275 ante
1277 2239 1369 2276 Bad.

47 2298 126 2326 exc.
159 2292 290 2340 Camp.

126 2346 287 2383 dicimus.
330 2349 386 2383 Ita
420 2349 550 2385 Tui-ic.
591 2350 718 2386 Guelf.
762 2351 878 2387 Goth.
917 2349 1017 2399 (tac.
1050 2350 1190 2400 Gesn.)
1236 2352 1368 2400 Camp.

44 2413 133 2437 cum
164 2403 248 2438 edd.
280 2414 364 2441 ante
394 2405 485 2440 Bad.
516 2405 676 2454 Reliqui
713 2407 881 2442 dicemus.
943 2407 988 2442 cf.
1024 2415 1087 2451 52.
1230 2409 1234 2411 “

124 2471 232 2493 eram.
278 2460 407 2495 Turio.
442 2459 489 2508 (a
512 2462 579 2497 sec.
602 2463 748 2512 mauu)
773 2463 899 2500 Guelf.
923 2465 1056 2513 Camp.
1083 2471 1173 2499 erat.
1214 2462 1288 2498 Sed
1308 2474 1366 2512 pr.

0 2554 2 2558 y
42 2513 171 2549 Turio.
198 2527 332 2551 manus
359 2527 395 2552 et
417 2514 595 2566 rusticam.
758 2522 762 2526 ⁴
1267 2528 1270 2531 ⁴
1318 2528 1320 2530 ’

98 2647 161 2682 47.
206 2636 420 2688 necqffaria,
461 2654 575 2689 quarn
608 2655 671 2678 ex·
728 2642 825 2692 iege,
849 2643 889 2678 h.
916 2656 947 2677 e.
974 2642 1116 2679 rustici.

31 2693 98 2728 *ire
128 2707 207 2730 non
237 2693 351 2742 poffit
382 2696 552 2732 defensor
579 2699 671 2745 ejus,
788 2706 850 2744 48.
886 2699 989 2734 nulla
1011 2699 1058 2735 lis
1080 2695 1141 2748 est.
1183 2698 1230 2734 cf.
1254 2705 1301 2743 5,
1329 2709 1365 2747 9,

43 2749 114 2797 qui
138 2750 316 2786 videatur
355 2752 603 2790 condemnari
633 2768 675 2790 ea
732 2765 768 2799 5.
806 2762 842 2799 4.
1220 2780 1222 2786 ·
1317 2753 1322 2759 ”
