1586 2990
230 191 326 246 256
541 191 615 238 M.
644 192 781 238 FAB.
816 190 1219 244 QUIN‘rlLrANI
1256 201 1261 204 “
1312 232 1318 238 .

167 324 214 364 6ι
231 327 282 363 et
314 322 477 364 cetera
501 314 563 363 ex
594 314 806 363 diversis
827 316 1023 363 naturis
1050 315 1294 377 subjiciat.
1359 320 1524 370 Orna-
1563 364 1572 369 ,

227 402 334 438 cum
360 391 445 448 est,
483 391 626 455 quod
646 390 916 456 perspicuo
942 408 997 438 ac
1021 392 1278 456 probabili
1298 396 1414 458 plus
1437 395 1521 444 est.-

226 469 349 526 Ejus
371 468 528 530 primi
548 465 668 513 sunt
685 466 874 530 gradus
894 467 951 513 in
974 483 1052 524 eo,
1091 468 1238 532 quud
1254 470 1400 527 velis,
1438 488 1526 519 ex·-

224 541 517 606 primendo,
547 541 1019 606 concipiendoque:
1058 544 1255 600 tertius,
1283 546 1378 608 qui
1398 546 1523 594 haec

223 616 470 664 nitidiora
493 615 644 665 faciat
658 634 671 674 ς
709 618 853 681 quod
877 619 1086 682 proprie
1110 618 1298 668 dixer-is
1323 617 1520 669 cultum.
1571 623 1580 643 *

221 695 399 756 Itaque
434 694 671 755 ἐνάργειαν,
715 696 864 752 cujus
889 694 946 740 in
966 695 1247 759 praeceptis
1271 698 1523 744 narratio-
1579 758 1582 762 ,

219 767 301 815 nis
326 766 426 814 feci
458 770 801 824 mentionem,
849 768 968 832 quia
1001 769 1122 833 plus
1157 768 1227 817 est
1253 772 1522 828 evidentia,
1556 783 1558 789 ’

218 843 329 900 vel,
385 854 445 891 ut
491 845 580 891 alii
626 844 834 900 dicunt,
896 840 1314 915 repraesentatio,
1367 862 1574 935 quamv&

214 915 575 990 perspicuitas,
614 931 665 968 et
698 919 835 967 illud.
858 930 1020 984 patet,
1059 921 1163 968 hoc
1187 919 1237 968 se
1267 921 1520 987 quodam-'s

302 1026 364 1062 60.
402 1036 539 1063 cetera„
584 1029 713 1063 Turic.
735 1035 807 1067 ete,
839 1041 858 1061 a
878 1028 943 1063 fec.
966 1041 1079 1063 manu
1109 1043 1151 1064 ea
1180 1027 1248 1078 effe
1269 1041 1306 1065 et
1324 1032 1370 1065 fic
1395 1027 1518 1066 Guelf.

215 1083 347 1130 Camp.
363 1094 447 1118 cum
463 1082 576 1118 Goth.
596 1084 697 1120 Voss'.
714 1093 748 1118 2.
789 1083 848 1117 Sic
870 1093 905 1117 et
924 1096 1016 1118 mox
1037 1087 1069 1131 ᾗ.
1084 1085 1145 1127 65.
1166 1097 1237 1132 pro
1259 1094 1374 1120 cetera
1387 1086 1516 1120 Tul-ic.
1558 1078 1563 1093 ¹

180 1149 182 1151 ’
216 1135 320 1185 estet,
350 1150 370 1172 a
390 1138 458 1172 sec.
478 1151 594 1174 manu
609 1137 647 1187 fi
667 1137 777 1187 effent
797 1148 833 1172 et
850 1139 897 1172 fic
920 1138 1044 1174 Guelf.
1070 1139 1199 1188 Camp.
1253 1140 1364 1175 Prior
1383 1154 1516 1176 manus

214 1192 309 1226 erasa
333 1193 375 1226 in
398 1193 499 1229 Flor-

297 1246 360 1281 61.
393 1250 621 1296 exprimendo
645 1242 696 1276 4-
719 1252 863 1290 terrim,
895 1251 968 1298 qui.
1025 1250 1155 1285 Turic.
1188 1251 1341 1296 exprimi
1370 1251 1516 1285 decernis

213 1302 330 1351 quod,
362 1314 380 1336 a
402 1303 469 1338 sec.
494 1317 608 1339 manu
632 1307 782 1352 exprimi
805 1305 959 1339 deterius
987 1305 1095 1354 quod.
1144 1304 1245 1339 Flor.
1269 1306 1414 1340 omittit
1435 1318 1515 1341 con-

213 1358 448 1406 cipiendoque
479 1369 515 1394 et
551 1359 668 1395 modo
699 1360 760 1394 dat
789 1362 826 1393 in
860 1373 901 1394 eo
941 1361 1037 1408 quod
1065 1361 1155 1395 velis
1184 1360 1332 1406 gradus.
1388 1359 1514 1403 Gueli}
1572 1386 1585 1392 ψ

213 1412 340 1461 Camp.
370 1416 522 1461 exprimi
554 1415 735 1449 decentius
762 1415 858 1463 quod
889 1428 975 1450 cum
1003 1415 1114 1453 Bodl.
1144 1415 1259 1450 Andr.
1291 1415 1383 1452 Obr.
1419 1416 1514 1450 item
1569 1449 1572 1454 ,

213 1463 328 1505 Goth.
370 1469 446 1503 nifi'
471 1470 575 1517 quod
605 1483 671 1519 que
701 1483 787 1505 cum
815 1470 916 1509 Voff.
947 1482 983 1507 2.
1034 1470 1342 1521 concipiendoque·
1365 1471 1513 1519 primus

210 1522 326 1559 habet
347 1524 488 1566 Aldus,
522 1525 870 1574 obtemperantibus
902 1526 1075 1574 reliquis.
1137 1520 1301 1573 Vulgata
1330 1523 1424 1562 ferri
1450 1536 1514 1562 ne·-
1568 1544 1569 1551 ¹

212 1580 307 1626 quit.
341 1579 528 1616 Obrechti
552 1581 651 1616 ratio
676 1592 711 1616 et
731 1582 806 1629 ipsa
827 1580 1024 1618 salebrosa:
1066 1581 1161 1626 Ejus
1181 1583 1292 1629 primi
1317 1583 1453 1629 gradus
1477 1583 1513 1615 in

212 1647 252 1668 eo
277 1637 372 1683 quod
400 1638 489 1672 velis
511 1639 664 1684 exprimi
695 1638 893 1676 decentius,
935 1638 1031 1684 quod
1061 1638 1146 1671 haec
1168 1637 1343 1671 nitidior-a
1365 1636 1512 1684 faciat}

210 1692 307 1737 quod
342 1694 488 1739 proprie
526 1693 662 1727 dixeris
700 1691 842 1726 cultum.
902 1692 1007 1726 Mihi
1044 1693 1164 1740 magis
1193 1691 1364 1739 placeant
1397 1691 1509 1726 haec:

207 1744 257 1779 E.
279 1760 318 1792 p.
332 1745 421 1793 sunt
447 1761 483 1793 g.
508 1749 545 1781 in
565 1761 630 1787 eo,
671 1748 768 1796 quod
789 1748 898 1786 velis,
939 1748 1171 1794 exprimendo
1196 1747 1380 1794 disertius,
1415 1747 1512 1794 quod

208 1800 242 1833 Ιι.
272 1814 304 1834 n.
325 1801 382 1846 f.‚
413 1815 445 1849 q.
473 1817 510 1849 p.
535 1802 570 1837 d.
593 1816 620 1837 c.
664 1804 887 1849 Quanquam
909 1815 976 1836 nec
1002 1803 1171 1837 animum
1192 1802 1380 1850 explents'
1398 1803 1512 1837 Primi

209 1854 309 1888 dicat
328 1857 507 1905 irrepfiss'e
531 1871 576 1892 ex
598 1857 666 1892 illo
699 1859 870 1903 exprimi,
910 1857 1014 1904 quod
1036 1858 1157 1904 ipsum
1188 1868 1317 1892 natum
1348 1868 1424 1892 erat
1448 1870 1510 1891 ex-

209 1908 310 1944 truso
329 1911 426 1945 :male
447 1913 493 1947 do
513 1913 686 1960 sequente
706 1913 749 1946 de
771 1925 815 1946 an
836 1914 884 1946 di.
943 1914 1043 1948 Tum
1064 1913 1200 1959 gradus
1221 1923 1294 1948 tres
1314 1911 1510 1959 agnoscam

207 1964 345 2005 hosce,
385 1979 463 2001 non
486 1967 639 2015 quidem
662 1970 800 2015 primos
827 1968 886 2002 sed
905 1967 1033 2015 solos.-
1081 1966 1509 2015 Exprimere.discrtius

209 2017 430 2068 (ἐνάργεια),
462 2023 564 2070 quod
587 2023 678 2058 haec
702 2023 832 2057 diserta
854 2023 1036 2058 nitidiora
1055 2023 1166 2058 faciat
1186 2023 1362 2071 (nempe,
1379 2035 1507 2070 ¹genus,

208 2075 282 2110 hoc
304 2077 406 2111 enim
426 2078 644 2113 sabaudiam
665 2079 710 2112 ad
730 2088 906 2112 neutrum
927 2079 1070 2127 quod),
1102 2078 1207 2125 quod
1227 2078 1383 2126 proprie
1397 2077 1509 2113 *dixe*

206 2131 259 2166 ris
283 2131 442 2168 cultum.
481 2134 580 2169 Nam
602 2134 740 2169 melius
762 2132 865 2168 haud
893 2133 1010 2168 fuerit
1037 2136 1125 2182 „qui
1150 2133 1283 2173 haec‚“
1310 2144 1353 2168 ut
1372 2133 1508 2169 refera-

208 2197 270 2223 tur
295 2187 340 2221 ad
367 2188 526 2234 gradus,
566 2199 603 2224 et
631 2202 761 2238 „quem
788 2194 947 2237 propr.“
979 2191 1048 2234 (ut
1065 2201 1122 2236 pr.
1143 2188 1245 2223 Flor.
1266 2189 1426 2232 manus)
1467 2198 1511 2224 ut

208 2242 339 2277 cultum
362 2243 520 2291 accipias
544 2245 826 2280 substantivum.
1008 2245 1098 2279 illud
1126 2247 1240 2291 patet}
1289 2244 1351 2279 Sic
1377 2243 1508 2282 'rm-ic.

207 2297 308 2333 Flor.
333 2311 420 2332 cum
448 2299 547 2334 Alm.
599 2301 670 2334 Sed
698 2299 858 2334 illorum
899 2310 1058 2347 uterque
1088 2313 1107 2333 a
1136 2301 1201 2334 [ec.
1233 2312 1349 2334 manu
1378 2298 1510 2334 inserit

206 2354 304 2401 quod
326 2364 362 2388 et
388 2355 435 2389 fic
459 2354 584 2390 Guelf.
612 2356 742 2403 Camp.
783 2355 882 2390 unde
911 2355 1054 2403 reliqui
1083 2356 1236 2403 quidem.
1516 2394 1522 2405 ⁵

289 2409 366 2443 hoc.
406 2412 462 2445 Ita
484 2411 613 2445 Turic.
631 2410 730 2444 Flor.
755 2410 880 2445 Guelf.
901 2411 1016 2446 Goth.
1031 2412 1126 2449 Jens.
1149 2413 1244 2454 (tac.
1265 2410 1399 2456 Gesn.)
1419 2421 1507 2445 cum

204 2464 304 2499 Alm.
327 2467 427 2503 Voff.
451 2477 485 2501 2.
510 2477 546 2501 et
565 2466 647 2501 edd.
669 2476 752 2500 ante
780 2465 868 2501 Ald.
899 2479 976 2514 quo
1001 2480 1073 2501 acc.
1098 2467 1192 2502 Obr.
1233 2464 1391 2514 Reliqui
1410 2466 1508 2499 haec·

263 2541 327 2576 61.
366 2544 476 2590 primi
494 2561 549 2568 —--
571 2544 706 2577 tertius.
746 2542 825 2580 vid.
939 2543 1030 2578 illud
1052 2561 1107 2569 -—
1129 2543 1204 2578 hoc.
1263 2541 1324 2576 Ad
1351 2540 1508 2576 nomina

203 2607 281 2631 not.
313 2598 396 2632 crit.
884 2613 978 2646 quae
1004 2599 1270 2646 praecelserant
1289 2610 1368 2632 non
1394 2595 1507 2643 respi-

258 2653 294 2685 in
344 2655 545 2701 praeceptis
594 2654 824 2689 narrationis,
883 2655 954 2693 cit,
985 2664 1021 2688 et
1047 2653 1206 2689 invertit
1225 2652 1399 2687 ordinem
1416 2662 1505 2700 pro-

206 2707 242 2747 4»
267 2715 303 2744 2,
323 2707 388 2749 63·
418 2709 463 2744 cf.
486 2709 521 2750 6,
543 2720 579 2750 2,
595 2717 657 2753 52.
881 2708 1097 2745 nominum.
1134 2709 1179 2743 cf.
1202 2708 1237 2747 6,
1264 2722 1296 2747 1,
1311 2719 1351 2749 -9-
1406 2722 1410 2728 ·
