1586 2990
145 247 206 291 70
437 237 510 287 Μ.
555 239 686 286 FAn.
733 237 1134 299 QUlNTILIANx

144 356 309 406 stione
335 358 539 426 separet.
617 364 747 410 Sunt
775 362 915 409 enim
944 362 1187 428 pleraque
1217 381 1328 414 non
1359 363 1439 415 so-

143 432 257 480 lum
278 434 523 484 d‘iffimilia
541 473 554 492 ‚
576 436 663 484 sed.
684 438 832 484 etiam
859 437 1136 499 aliquando
1161 442 1436 488 contraria:

144 517 228 564 ut,
266 507 302 556 fi
330 527 446 559 reus
477 513 605 558 furti
628 512 880 577 prodigus
907 510 1130 569 dicatur,
1169 524 1256 562 aut
1281 514 1441 582 negli-

142 599 280 649 gens.
360 587 548 648 Neque
588 586 728 631 enim
768 585 979 634 videtur
1021 588 1078 634 in
1125 587 1352 636 eundem
1389 599 1442 636 et

79 667 130 704 50
147 669 435 707 contemtus
455 660 728 723 pecuniae,
767 670 817 707 et
837 661 1088 725 cupiditas
1120 662 1312 710 cadere.
1389 662 1443 711 Si

145 730 364 782 deerunt
393 734 518 780 haec
551 734 804 791 remedia,
854 736 918 783 ad
947 737 1036 783 illa
1075 735 1443 785 declinandum

143 805 239 863 est,
291 825 395 855 non
432 807 496 855 de
528 809 628 857 hoc
661 810 864 874 quaeri,
902 827 997 859 nec
1029 827 1178 868 cum,
1227 813 1322 875 qui
1349 812 1529 869 ali-605

142 880 353 942 quando
375 886 684 945 peccaverit,
715 885 896 949 utique
915 883 1211 934 commififfe
1237 889 1439 934 omnia:

141 964 193 1001 et
215 954 347 1005 hanc
370 955 614 1006 fiduciam
631 957 779 1008 fuiffe
801 959 1173 1011 accusatoribus
1194 959 1319 1008 falsa
1350 961 1441 1009 ob-

138 1029 381 1088 jiciendi,
426 1033 571 1096 quod
607 1032 798 1082 laesum
839 1044 891 1081 et
924 1031 1258 1086 vulneratum
1291 1052 1442 1084 reum

72 1115 121 1153 ὅ*
139 1101 404 1166 speravere
445 1106 540 1154 hac
587 1107 788 1156 invidia
829 1110 1058 1174 opprimi
1100 1108 1252 1174 poffe.
1330 1111 1442 1159 Alia

139 1179 424 1242 propositio
459 1180 530 1228 est
559 1181 889 1240 accusatoris,
937 1195 1112 1233 contra
1155 1201 1310 1247 quam
1337 1186 1443 1234 loci

139 1254 397 1303 oriuntur
475 1259 631 1322 Saepe
650 1274 676 1306 a
696 1257 910 1323 persona
940 1260 1085 1323 prior
1114 1259 1261 1307 ducit
1293 1277 1443 1325 argu-

136 1338 307 1377 menta
336 1329 572 1380 defensor
584 1369 598 1389 ‚
646 1343 695 1380 et
725 1334 935 1381 interim
967 1334 1301 1402 generaliter,
1354 1338 1443 1383 Ιη-

106 1402 372 1454 “credibile
401 1401 527 1481 effe,
559 1425 593 1456 a
610 1406 732 1480 filio
756 1419 957 1473 pattem
989 1405 1222 1484 ooefimz,
1259 1407 1322 1460 ab
1354 1413 1443 1458 im-

217 1561 281 1596 50.
310 1555 377 1590 hac
404 1576 459 1585 --
487 1555 598 1607 poffo.
655 1558 786 1596 Turio.
817 1557 942 1603 Guelss²
974 1559 1059 1595 haec
1085 1578 1139 1587 —
1163 1557 1290 1608 poffet.
1347 1554 1443 1599 Jons.

137 1608 194 1644 laic
222 1628 276 1643 -r-
297 1623 352 1657 po
386 1624 413 1647 e.

220 1671 285 1704 51.
327 1608 432 1713 pssp-
471 1663 530 1713 est.
588 1667 716 1702 Turio.
757 1667 882 1703 Guelf.
915 1670 1044 1716 Camp.
1075 1667 1321 1717 propositione
1356 1681 1443 1703 cum

137 1714 237 1752 Alm.
272 1718 387 1755 Goth.
418 1721 519 1758 Voff.
553 1731 587 1758 2
646 1724 719 1758 Pro
750 1724 838 1760 Alia
867 1723 982 1759 Goth.
1009 1725 1110 1760 Voff.
1143 1730 1177 1759 Ω.
1209 1724 1311 1759 talia.
1388 1733 1392 1737 '

223 1781 348 1808 contra
380 1788 498 1823 quam
556 1776 735 1811 T1ui0.a
765 1790 821 1825 pr
850 1791 964 1811 wanu
994 1791 1021 1811 c.
1053 1791 1133 1826 qua.

220 1841 277 1874 pr:
274 1829 323 1862 'ro
345 1847 394 1854 --
415 1829 488 1877 defi
546 1831 648 1865 Haec
666 1830 751 1866 Ald.
775 1844 861 1866 eum
884 1831 965 1866 edd.
988 1843 1071 1866 ante
1094 1831 1188 1867 Obr.
1226 1832 1374 1869 omittit
1398 1845 1444 1867 ex

138 1880 219 1917 levi
249 1883 362 1929 Regii
395 1886 622 1929 conjectum
683 1887 789 1920 MSS.
823 1886 962 1920 habent
984 1886 1094 1920 etiam
1115 1886 1213 1923 Vall

135 1945 137 1948 ⁴
221 1944 316 1983 patr.
338 1950 406 1972 occ.
463 1939 524 1972 Sic
546 1939 673 1976 Turic.
704 1939 828 1975 Guelf.
859 1941 989 1988 Camp.
1021 1953 1107 1975 cum
1128 1940 1242 1975 Goth.
1275 1942 1378 1978 Voff.
1404 1952 1439 1977 2.

139 1989 238 2029 Vall.
268 1993 384 2030 vitum
414 2006 483 2030 occ.
511 1995 606 2032 Jens.
635 1994 733 2043 (err.
756 1994 887 2038 Gesn.)
914 2007 1002 2031 cum
1033 1995 1115 2031 edd.
1140 2006 1225 2033 ante
1244 1995 1331 2033 Ald.
1362 2008 1440 2044 quo

195 2128 258 2164 29.
289 2119 486 2166 negligens.
527 2120 619 2155 Non
647 2132 764 2157 attera·
820 2124 995 2170 politam:
1023 2120 1441 2170 „Aliiapropofitione

140 2182 202 2208 tus
234 2173 280 2207 ad
299 2187 391 2208 rem.
444 2174 534 2209 vide
555 2175 688 2212 Graev.
720 2177 766 2211 ad
820 2201 841 2216 „
854 2177 1074 2211 accusatoris
1113 2187 1318 2223 contraque
1353 2175 1443 2222 {loci

140 2220 221 2262 Cic.
241 2228 371 2274 Episst.
391 2228 436 2262 ad
455 2230 555 2267 Pam.
579 2238 625 2272 5,
648 2237 684 2275 8.
707 2231 766 2267 in·
820 2255 845 2271 μ
856 2231 1043 2266 oriuntur.
1062 2236 1086 2252 ‘⁸
1158 2231 1279 2266 Modo
1319 2241 1441 2265 teneas

142 2281 288 2317 dicante
311 2283 440 2318 Burm.
819 2300 842 2320 a
865 2285 940 2319 dici
969 2283 1055 2319 loco
1081 2284 1142 2328 τῆς
1171 2298 1249 2332 pro.
1305 2284 1442 2320 Adhuc

817 2338 1006 2386 personam
1026 2339 1083 2374 rei
1111 2349 1300 2374 tractatam
1330 2339 1441 2376 nobis

821 2393 1031 2428 ostenderat
1071 2394 1142 2438 Qu.
1186 2393 1247 2428 sed
1287 2394 1361 2435 ita,
1398 2405 1442 2430 ut

819 2459 921 2483 extra
941 2447 1081 2483 causam
1100 2458 1270 2495 peterent
1286 2459 1440 2488 actores,

822 2515 892 2550 pro
927 2515 965 2536 ea
1002 2501 1065 2539 vel
1102 2513 1230 2538 contra
1260 2515 1340 2539 eam
1383 2503 1440 2539 di-

823 2556 948 2592 cenda.
1005 2557 1119 2592 Nunc
1146 2569 1192 2591 ex
1220 2558 1299 2605 ipsa
1327 2559 1441 2592 crimi-

201 2615 264 2648 31
295 2608 383 2644 Alia
401 2628 452 2637 -—
473 2612 645 2645 oriuntur.
691 2611 766 2645 nic
822 2612 877 2645 m’s
903 2610 1167 2659 propositione,
1197 2612 1320 2647 veluti
1348 2611 1437 2647 hac:

139 2672 217 2708 ¹ogo
237 2661 346 2708 plane
379 2664 613 2710 probandam
639 2666 766 2700 censeo
821 2665 975 2700 Roscius
988 2676 1131 2713 patrem
1155 2666 1306 2706 occidit,
1334 2665 1439 2702 locos

146 2715 447 2755 emendationem
467 2731 484 2753 a
498 2719 658 2756 Gesnero
677 2732 767 2770 pro·
822 2719 911 2756 duci
929 2730 1069 2758 mouet.
1126 2720 1173 2756 cf.
1191 2731 1268 2756 not.
1291 2720 1373 2758 crit.

196 2365 259 2399 50.
292 2354 463 2403 speraver
447 2371 494 2393 r.e
546 2358 659 2398 „vid.
689 2357 762 2406 leg.

137 2408 432 2458 '„sper·aver1'nt.‘
436 2413 653 2448 ‘Gesnelus.
683 2413 766 2448 Nec

132 2464 307 2500 *multum
334 2466 488 2514 proficit
515 2480 602 2503 cum
634 2468 763 2518 Camp-

142 2517 267 2566 legere
296 2523 358 2571 qui
374 2534 446 2572 pro
466 2523 574 2572 quod.
