1586 2990
186 260 214 303 6
485 260 557 306 Μ.
604 261 734 306 FAB.
779 257 1185 320 QUINTILIANI

186 383 304 429 beat
336 392 490 446 atque
525 381 847 446 congestum,
901 378 997 426 nisi
1033 379 1144 428 illas
1179 378 1355 427 eadem
1387 379 1486 427 clis-

186 453 366 524 poficio
417 458 471 504 in
521 457 760 505 ordinem
807 453 1019 517 digestas
1063 465 1213 517 atque
1262 454 1396 501 inter
1437 452 1486 501 se

154 548 176 575 2
193 529 474 579 commiffas
497 531 798 579 devinxerit.
854 531 965 576 Nec
985 530 1246 577 immerito
1267 527 1488 576 secunda

190 607 426 669 quinq-ue
450 609 673 669 partium
697 602 850 669 posita
873 602 967 660 est,
1002 621 1121 653 cum
1142 602 1244 651 fine
1269 620 1325 652 ea
1345 603 1490 666 prior

190 682 327 729 nihil
361 682 536 729 valeat.
616 682 801 742 Neque
834 679 997 734 enim,
1036 695 1330 742 quanquam
1364 675 1489 725 fusis
1503 692 1579 734 579

194 755 438 804 omnibus
470 755 740 809 membris,
793 751 948 800 statua
979 751 1059 810 fit,
1106 751 1200 801 nisi
1235 753 1493 819 collocen-

193 820 307 878 tur:
355 840 429 885 et,
471 828 503 878 [i
537 845 690 891 quam
722 830 778 876 in
807 829 1109 892 corporibus
1147 827 1331 876 nostris
1369 828 1494 874 alio-

193 919 384 952 rumve
414 904 718 950 animalium
748 906 944 966 partem
968 913 1229 967 permutes
1258 912 1308 949 et
1337 912 1492 948 trans-

195 977 352 1031 feras,
391 979 510 1025 licet
536 978 716 1024 habeat
751 978 927 1026 eadem
959 978 1157 1035 omnia,
1195 976 1498 1042 prodigium

197 1051 258 1103 fit
290 1063 473 1102 tamen.
550 1055 614 1102 Et
653 1061 791 1102 artus
825 1053 977 1101 etiam
1012 1054 1197 1101 leviter
1220 1054 1340 1102 loco
1368 1050 1500 1099 moti

861 1162 872 1189 0

281 1216 376 1251 illas.
435 1217 551 1252 Goth.
582 1219 674 1260 (tac.
698 1217 829 1260 Gesn.)
862 1216 926 1251 illa
949 1229 1038 1250 cum
1066 1215 1167 1252 Voss‘.
1192 1226 1228 1252 2.

282 1272 418 1306 eadem.
476 1274 595 1307 Smer.
630 1284 664 1307 et
686 1285 778 1307 rec-c.
803 1282 886 1306 ante
907 1274 1036 1306 Burm.
1058 1271 1198 1307 easdem
1228 1283 1304 1304 exc.
1325 1268 1426 1304 Gibl'.

285 1323 453 1373 digestas.
511 1327 639 1362 Turio.
661 1326 785 1361 Guelf.
807 1327 920 1361 Goth.
944 1329 1028 1370 (tae.
1051 1326 1175 1370 Gesn.)
1210 1327 1338 1373 Camp.
1362 1320 1502 1371 digesta

203 1390 291 1417 cum
316 1381 415 1416 Voff.
442 1391 476 1416 2.
696 1383 796 1417 inter.
856 1380 984 1416 Turio.
1016 1380 1140 1416 Guelf.
1175 1382 1303 1428 Camp.
1328 1381 1375 1414 in.

290 1433 502 1484 commiſj‘as.
561 1437 689 1470 Turio.
714 1438 751 1479 (a
771 1437 835 1471 sec.
857 1440 988 1480 manu)
1015 1435 1137 1471 Guelf.
1159 1437 1287 1483 Camp.
1321 1430 1503 1481 commiffa

206 1503 291 1526 cum
314 1491 415 1527 Voff.
437 1501 472 1526 2.
518 1491 588 1525 Sed
608 1491 722 1526 Goth.
744 1493 938 1525 commixta
964 1491 1063 1535 (err.
1086 1490 1230 1534 Germ).

293 1556 326 1580 2.
367 1546 592 1580 collocentur.
650 1546 710 1580 Sic
733 1547 819 1581 Bad.
840 1560 895 1594 pr.
924 1549 1155 1593 (quanquam
1174 1558 1241 1592 per
1262 1545 1405 1592 apicem
1425 1554 1504 1578 tan·

205 1600 287 1636 tum
312 1601 352 1634 in
372 1601 434 1643 E.)
459 1611 495 1634 et
523 1603 679 1648 Capper.
722 1601 877 1649 Reliqui
900 1601 1101 1636 collocetur.
1142 1600 1322 1635 Nostrum
1343 1598 1508 1643 conjecit

204 1655 431 1694 Philande1·3
462 1656 662 1689 verissime.
721 1657 856 1703 Neque
878 1657 979 1692 enim
998 1655 1126 1694 video,
1158 1667 1271 1701 quare
1293 1654 1404 1688 statua
1427 1664 1507 1692 nou

203 1711 269 1748 fit,
303 1723 396 1757 quae
427 1710 599 1744 nondum
627 1709 820 1747 collocata.
1038 1719 1072 1744 et
1101 1708 1226 1756 transf.
1283 1709 1344 1743 Sic
1375 1706 1506 1742 Turic-

206 1764 322 1799 Goth.
355 1767 440 1808 (tac.
463 1765 588 1809 Gesn.)
613 1766 740 1812 Cnmp.
764 1779 850 1800 cum
873 1765 955 1800 edd.
979 1775 1061 1799 ante
1087 1766 1204 1798 Stoer.
1229 1775 1307 1798 exc}
1328 1762 1405 1797 Bas.
1431 1772 1506 1794 acc.

204 1819 308 1854 Roll.
349 1819 501 1866 Reliqui
522 1828 627 1866 atque
649 1829 671 1855 t.
702 1822 741 1854 in
772 1822 910 1867 quibus
931 1821 1052 1854 miror
1071 1818 1274 1854 Guelf.nis1
1287 1815 1505 1852 dormitavi-

292 1875 428 1909 leviter.
485 1875 608 1910 Guelf.
634 1877 762 1923 Crunp.
784 1877 878 1913 Jens.
903 1879 988 1920 (tac.
1005 1875 1130 1918 Gesn.)
1151 1875 1262 1908 Tru-v.
1274 1867 1402 1907 leniter
1419 1882 1507 1905 cum

206 1928 317 1965 Bodl.
358 1930 474 1964 Andr.
532 1931 710 1966 Correxit
731 1931 906 1978 Regius,
955 1930 1015 1965 [ed
1050 1939 1198 1978 praeter
1226 1927 1390 1973 reliquas
1422 1924 1507 1959 edd.

198 1983 388 2018 ‘addicunt
406 1995 442 2018 et
462 1983 558 2021 Vall.
586 1986 699 2020 Goth.
724 1987 853 2020 Turio.
1071 1984 1162 2020 loco.
1221 1981 1425 2030 Turio-(a
1447 1990 1505 2028 Pr·

206 2040 347 2083 manu)
379 2039 460 2075 loci.
500 2039 545 2076 cf.
565 2039 601 2080 6,
627 2049 663 2082 3,
687 2041 750 2082 56.
784 2051 818 2084 7,
842 2050 878 2081 2,
902 2049 966 2087 59.
1310 2029 1314 2034 .

269 2175 302 2195 1.
347 2160 534 2209 dispo-ficio
581 2164 617 2196 in
641 2164 826 2201 ordinem.
942 2160 1081 2198 habeat.
1110 2161 1201 2196 Non
1222 2171 1317 2207 opus
1341 2157 1411 2192 effe
1424 2168 1507 2191 cen-

205 2215 388 2251 Pithoeus
412 2215 491 2250 loca
505 2218 543 2251 in
567 2218 668 2251 hunc
690 2218 831 2252 sensum
884 2217 943 2251 seo
965 2216 1185 2253 mutatione,
1217 2225 1328 2261 quam
1349 2213 1389 2246 in
1410 2223 1508 2245 mar-

205 2269 371 2317 jucuuda
410 2273 521 2317 ponit
563 2272 744 2308 Varronis
784 2272 830 2305 de
886 2271 972 2318 gine
995 2270 1105 2317 ponit
1133 2269 1292 2304 Badius:
1342 2265 1508 2301 habeant.

205 2325 252 2360 L·
278 2325 318 2359 L'ss
344 2332 376 2367 5.
402 2339 437 2372 p.
466 2326 588 2374 (ssip.)
613 2325 673 2368 63.
699 2338 734 2362 et
757 2327 829 2361 Co·
888 2326 1111 2370 Quanquam
1149 2324 1252 2358 enim
1287 2320 1507 2367 corporibus,

207 2379 301 2414 lum.
333 2391 392 2420 12,
429 2392 462 2419 2,
496 2388 530 2423 4.
563 2381 607 2415 ad
641 2394 832 2416 commen·
889 2391 965 2427 qno
987 2379 1060 2414 hoc
1082 2378 1264 2419 refertur,
1294 2375 1436 2425 plurali
1460 2374 1510 2413 est

210 2434 374 2470 dandum
424 2437 595 2470 ordinem
646 2435 830 2476 facientia,
886 2446 1069 2474 numero,
1117 2433 1350 2480 intelligitur
1385 2441 1510 2465 tamen

209 2490 349 2536 quibus
377 2501 525 2539 poterat
546 2491 634 2526 addi
655 2491 771 2526 nostri
792 2498 828 2535 8,
886 2490 1006 2536 magis
1045 2488 1109 2523 αἷσι-ὀ
1149 2493 1264 2523 κοινοῦ
1302 2488 1366 2529 id,
1405 2484 1510 2535 quod

209 2551 245 2586 ὅ,
275 2557 310 2591 9·
887 2544 1011 2579 existit
1030 2557 1076 2581 ex
1096 2545 1166 2578 hac
1185 2557 1299 2591 prava
1327 2540 1508 2588 compost-

266 2608 300 2634 2.
332 2601 484 2648 quinque
507 2603 672 2648 partium.
713 2602 758 2637 cf.
791 2601 826 2642 6,
885 2600 1010 2639 tione:
1040 2612 1107 2634 nec
1129 2599 1231 2634 aliud
1245 2597 1448 2643 subjectum
1466 2593 1510 2628 in

211 2661 246 2696 4»
287 2670 315 2690 1·
886 2668 930 2689 eo
954 2654 1057 2701 quod
1075 2654 1254 2701 sequitur,
1274 2650 1336 2702 fit.
1377 2648 1508 2684 Minus

256 2710 350 2759 fusis
365 2730 418 2738 --
440 2712 613 2750 membris,
625 2709 761 2759 statua.
781 2711 827 2747 cf.
887 2709 1074 2756 eleganter
1105 2709 1163 2745 ibi
1193 2705 1391 2744 subaudias
1422 2703 1508 2739 haee

207 2767 326 2817 praet}
346 2768 455 2803 nostr.
479 2781 516 2816 p.
541 2774 606 2812 81.
885 2776 955 2801 res.
