1586 2990
333 141 497 187 INST.
544 139 819 197 ORATOR.
861 138 983 185 LIB.
1018 138 1114 195 IX,
1152 150 1200 183 2.
1334 146 1433 195 415

107 268 352 335 plurimis
378 265 438 316 fit
466 266 657 317 modis.
736 264 836 315 Sed
863 265 989 314 haec
1018 264 1247 330 exempli
1273 263 1437 329 gratia

104 343 387 395 sufficient:
449 345 580 393 Tum
610 343 665 392 C.
695 344 958 401 Varenus,
994 345 1036 392 is
1057 345 1146 407 qui
1168 360 1202 390 a
1213 338 1436 411 familia

51 454 55 456 -
104 421 445 473 Anchariana
476 416 664 492 occisus
693 417 796 490 est.-
845 418 951 478 hoe,
986 414 1192 491 quaeso,
1221 418 1436 483 judices,

104 499 198 547 dili
196 509 383 568 genter
402 499 674 547 attendite.-
710 508 761 545 et
781 514 878 563 plo
894 497 1120 555 Milone,
1143 497 1216 545 Et
1230 490 1437 567 aspexit?

105 593 186 625 me
209 576 308 625 illis
330 577 532 641 quidem
555 577 725 632 oculis,
754 572 933 640 quibus
954 585 1060 622 tum
1071 570 1294 645 solebat,
1324 589 1436 620 cum

100 650 331 702 omnibus
359 655 527 702 omnia
556 650 858 702 minabatur.
936 650 1018 700 Est
1045 652 1143 699 alia
1171 659 1295 699 non'
1315 651 1435 714 qui·
1451 666 1500 703 57

105 729 230 779 dem
258 730 553 788 reticentia,
590 745 724 794 quae
754 727 816 777 fit
841 726 1138 794 imperfecti
1165 725 1437 790 sermonis,

103 803 196 855 sed
244 817 420 855 tamen
467 805 716 871 praecisa,
772 806 925 854 velut
971 815 1090 854 ante
1135 805 1438 870 legitimum

104 880 285 941 finem,
315 883 508 933 oratio:
547 893 608 932 ut
630 882 786 939 illud,
813 884 993 931 Nimis
1016 898 1198 950 urgeo,
1224 897 1438 930 commo·

103 962 222 1008 veri
237 961 444 1010 videtur
456 955 772 1030 adolestoens:
805 969 870 1017 et,
895 960 1038 1033 Quid
1050 959 1244 1024 plura?
1271 953 1439 1029 ipsum

105 1032 472 1108 adolescentem
494 1037 662 1085 dicere
681 1031 1202 1104 audistis.1mitatio
1222 1050 1436 1084 morum
1452 1051 1501 1090 58

18 1110 424 1173 734al'ienoru1n‚
461 1129 596 1178 quae
624 1115 844 1177 &Son-ozia,
877 1113 981 1170 vel,
1020 1123 1082 1161 ut
1101 1113 1192 1160 alii
1214 1112 1436 1168 malunt,

84 1191 278 1253 μίμησις
310 1189 522 1248 dicitur,
561 1193 663 1251 jam
685 1191 824 1238 intel
845 1190 1074 1239 leniores
1097 1185 1313 1238 affectus
1334 1205 1438 1236 nu-

102 1267 296 1316 merari
326 1264 510 1332 potest.
579 1265 667 1316 Est
695 1267 839 1316 enim
878 1265 1044 1332 polita
1077 1265 1188 1315 fere
1221 1267 1282 1314 in
1322 1265 1437 1313 6111-

105 1341 312 1393 dendo:
360 1341 452 1391 sed
478 1342 715 1392 ν61Γ11111·
744 1353 796 1391 et
818 1344 877 1391 in
897 1339 1070 1412 saccis
1102 1353 1154 1391 et
1184 1344 1243 1391 in
1276 1343 1435 1390 dictis.

103 1420 167 1467 111
203 1417 379 1477 factis,
433 1419 582 1484 quod
622 1418 742 1468 est
726 1423 1004 1469 υποτυπώσει
1039 1421 1312 1469 vicinum:
1377 1419 1438 1467 in

103 1493 284 1555 dictis,
321 1496 478 1562 quale
504 1495 576 1545 est
601 1496 745 1563 apud
768 1498 1108 1556 Terentium,

190 1634 256 1678 56.
290 1636 329 1671 C.
358 1634 444 1670 Var.
493 1635 555 1671 Sic
570 1636 702 1671 'rm-ic.
725 1634 828 1672 Flor.
863 1636 1024 1673 Omittit
1045 1649 1280 1686 praenomen
1304 1637 1437 1685 Camp.

104 1689 264 1739 Reliqui
296 1693 406 1736 cajus
440 1691 485 1727 V.
727 1706 783 1727 me
813 1693 898 1729 illis.
958 1694 1090 1729 Turic.
1120 1693 1225 1728 Flor.
1266 1695 1439 1729 inserunt

104 1755 181 1795 tum
215 1760 304 1783 cum
329 1746 430 1783 Alm.
464 1748 563 1786 Jens.
596 1749 692 1793 (tac.
727 1749 866 1794 Gesn.)
896 1751 1011 1785 Tarv.
1066 1764 1146 1785 cum
1179 1751 1311 1799 Camp.
1347 1763 1437 1785 611111

103 1802 223 1838 Goth.
251 1804 383 1840 Turio.
410 1803 460 1849 (a
487 1804 557 1840 sec.
585 1806 744 1851 manu).
800 1807 946 1854 Regius
976 1808 1186 1857 expunxit,
1227 1807 1290 1843 [ed
1312 1807 1437 1843 Codd.

101 1860 339 1897 auctoribus.

190 1922 254 1960 58.
295 1917 464 1952 leniores.
524 1917 657 1952 Turic.
698 1916 802 1954 Flor.
838 1916 968 1952 Guelf.
1003 1919 1136 1967 Camp.
1178 1919 1297 1956 Goth.
1338 1919 1436 1957 Jens.

105 1972 194 2014 (tac.
218 1972 346 2016 Gesn.)
368 1972 523 2007 leviores
544 1986 633 2007 cum
652 1971 767 2008 Bern.
798 1984 835 2008 et
860 1973 945 2007 edd.
970 1984 1055 2008 ante
1076 1976 1212 2014 Burm.
1234 1988 1314 2011 exc.
1339 1974 1435 2011 Obr.

103 2025 272 2065 Videtur
300 2028 376 2072 jam
407 2027 614 2063 Turnebus
638 2028 855 2063 correxisse.
897 2029 943 2064 cf.
969 2029 1005 2069 6,
1032 2040 1066 2069 2,
1097 2042 1159 2065 ιο.

189 2081 384 2119 eludendo.
426 2083 558 2118 Turic.
578 2082 684 2119 flor.
707 2084 839 2133 Camp.
867 2084 1029 2119 ludendo
1052 2097 1140 2121 curn
1164 2085 1267 2123 Ahn.

167 2191 262 2227 Tum
284 2193 324 2228 C.
353 2192 528 2228 Varenus.
570 2194 618 2232 cf.
642 2200 676 2238 4,
705 2208 740 2235 1,
856 2201 919 2239 58.
958 2195 1202 2239 ἦθοποιΐσι.
1242 2197 1290 2233 cf.
1321 2206 1359 2241 5,
1394 2203 1433 2243 8,

108 2253 173 2292 74.
214 2248 285 2284 Pro
306 2247 460 2284 Milone
482 2260 602 2286 6.12.
800 2258 866 2295 51.

166 2310 230 2347 57
258 2303 632 2353 praeusta—orado.
661 2306 741 2343 Ab·
852 2305 1178 2345 ὑποτυπώσει.
1230 2309 1275 2345 cf.
1310 2313 1343 2358 §-
1370 2315 1433 2354 4ο.

106 2357 211 2407 legat
239 2360 398 2408 Capper.
447 2361 493 2395 ad
528 2363 740 2398 Herennia·
852 2365 954 2413 apud
991 2365 1054 2401 Ter
1045 2380 1104 2400 reu
1095 2369 1214 2401 teiam.
1254 2367 1356 2401 Eun.
1398 2381 1431 2408 1,

105 2427 214 2456 num,
249 2416 318 2463 qui
343 2415 599 2466 praecisionem
625 2430 741 2455 vocet
797 2428 835 2460 2,
856 2428 920 2464 75.
952 2421 1021 2457 ubi
1033 2422 1186 2457 consule
1198 2421 1431 2469 Bcndejum,

106 2475 146 2517 4,
171 2480 236 2514 30.
797 2476 1034 2523 Quintiliani
1051 2490 1131 2513 non
1148 2479 1432 2514 11111116111016111.

165 2527 287 2562 Nimis
338 2540 462 2575 urgeo.
538 2530 649 2566 Unde
682 2532 737 2573 fit,
795 2532 897 2568 Nam
921 2543 958 2568 et
979 2533 1075 2568 hic'
1063 2547 1106 2568 111
1137 2534 1251 2571 bonis
1274 2535 1433 2583 quibus·

107 2583 247 2618 neseio.
299 2583 466 2621 Videtur
497 2584 740 2622 declamatio·
797 2587 884 2622 dam
912 2588 1025 2624 libris
1053 2591 1156 2625 Haut
1182 2590 1248 2627 vel
1269 2600 1334 2626 aut
1360 2605 1432 2640 pro

103 2639 165 2675 niz
187 2639 388 2686 cujusdam
409 2640 540 2683 loeus,
572 2644 682 2688 cujus'
703 2654 740 2679 61
795 2653 856 2684 at,
897 2644 997 2680 male
1039 2656 1177 2682 tamen.
1235 2648 1432 2684 Numeros

103 2693 215 2735 illud,
245 2696 352 2745 quod
373 2708 466 2732 mox
489 2698 664 2735 infertur.
795 2700 976 2749 expedies
996 2701 1096 2752 apud
1119 2702 1286 2740 eundem
1305 2703 1431 2741 Bentl.
