1586 2990
183 235 246 270 αὖ
482 227 554 270 Μ.
601 228 732 272 FAB.
776 227 1181 288 QUINTILIANI

183 347 383 403 donare·
405 346 649 406 solemus,
691 359 740 396 et
768 347 1062 398 concedere.
1113 349 1304 413 Neque
1335 350 1477 398 euim

183 424 397 471 transire
428 423 491 471 ad
525 425 643 472 alias
673 422 962 488 possumus,
999 421 1095 471 nifi
1125 423 1307 472 omiffis
1335 425 1477 489 prio-

121 516 167 551 19
182 499 335 546 ribus.
402 498 555 565 Quod
585 498 753 562 ipsum
776 500 843 544 ita
869 495 981 545 fieri
1006 508 1225 562 oportet,
1257 514 1383 556 non,
1417 509 1478 548 ut

182 572 434 620 damnaffe
478 591 557 622 eas
603 574 901 629 videamur,
944 572 1032 620 fed
1072 570 1310 630 omifisse,
1356 575 1479 636 quia

179 646 417 711 poffimus
446 650 599 694 etiam
633 648 736 695 sine
769 648 838 695 eis
870 647 1091 695 vincere.
1167 650 1480 696 Procurator

179 722 388 784 alicujus
430 725 692 785 pecuniam
738 725 867 784 petit
915 739 978 771 ex
1012 719 1236 790 foenore
1285 722 1479 771 heredi-

179 801 336 843 tario.-
375 796 538 860 potest
575 795 805 844 incidere
834 786 1087 860 quaestio,
1127 797 1215 845 An
1237 797 1349 845 kuic
1378 793 1480 869 effe

114 871 553 934 20797·0cm'·at01·em
589 872 773 918 liceat?
846 873 1005 935 Finge
1043 889 1166 927 nos,
1210 870 1480 936 postquam

177 945 532 1002 tractavimus,
574 948 857 1003 remittere,
898 948 985 994 vel
1025 948 1174 994 etiam
1206 947 1478 995 convinci:

177 1029 465 1085 quaeretur,
501 1020 590 1068 An
617 1024 676 1077 ei,
700 1019 838 1083 cujus
861 1024 1053 1069 nomine
1075 1022 1325 1088 litigatur,
1354 1038 1479 1084 pro-

177 1105 457 1142 curatorem
479 1094 692 1143 habendi
714 1092 782 1164 fit
800 1095 925 1158 jus?
985 1096 1323 1144 Discedamus
1352 1097 1478 1143 hinc

176 1185 414 1233 quoque:
467 1171 652 1234 recipit
698 1172 910 1218 materia
959 1170 1335 1234 quaestionem,
1386 1172 1478 1219 An

169 1244 273 1302 ille,
313 1243 450 1306 cujus
473 1248 665 1294 nomine
696 1249 898 1313 agitur,
934 1243 1162 1317 heresfic
1176 1243 1479 1314 foenerato-

230 1387 362 1420 rem'rn.
420 1385 543 1420 Guelf.
574 1387 703 1434 Camp.
735 1389 856 1423 etiam.

262 1452 321 1486 19.
366 1442 449 1488 quia
481 1440 660 1490 pcffimus.
713 1442 838 1478 Guelf.
863 1441 978 1477 Goth.
1012 1443 1107 1486 (tac.
1132 1443 1266 1487 Gesn.)
1294 1458 1327 1493 q.
1357 1443 1477 1494 poffu-

175 1508 251 1529 mus
281 1497 345 1539 (et
373 1497 418 1529 fic
437 1496 539 1533 Voss'.
563 1507 597 1531 2.
635 1496 704 1531 ubi
738 1507 836 1532 errat
864 1498 1022 1539 Burro.)
1051 1510 1135 1531 cum
1165 1498 1249 1534 edd.
1281 1509 1365 1534 ante
1383 1499 1476 1536 Bad.

177 1563 254 1585 exe.
279 1550 408 1597 Camp.
450 1551 516 1597 qui
536 1551 632 1599 quod
662 1551 733 1595 (cf.
759 1551 794 1591 6,
820 1558 854 1595 4,
880 1553 967 1596 15.)
997 1550 1178 1600 poffimus.

259 1613 323 1638 20.
363 1613 510 1641 tractav.
543 1607 674 1640 remitt.
733 1607 862 1642 Turio.
904 1606 1028 1651 Guelf.
1070 1608 1183 1642 Goth.
1221 1609 1350 1656 Gamp.
1382 1609 1475 1643 inse-

175 1669 267 1693 runt
291 1672 332 1692 ea
353 1671 439 1694 cum
459 1660 561 1695 Voff.
588 1671 622 1695 2.
645 1660 751 1696 Bafil.
782 1662 908 1696 eadem
930 1661 1046 1697 Goth.
1070 1673 1105 1697 2.
1148 1663 1219 1697 Sed
1253 1664 1364 1698 Tarv.
1386 1663 1473 1698 Ald.

177 1727 266 1752 eam,
298 1724 334 1748 et
354 1713 428 1749 hoc
448 1714 610 1749 refertur
630 1729 675 1750 ex
695 1715 794 1751 Alm.
817 1716 880 1760 (cf.
903 1720 934 1762 ᾖ.
952 1727 986 1762 9.
1001 1718 1084 1760 21.)
1111 1717 1316 1764 probatum
1339 1718 1474 1767 Regio.

175 1768 268 1816 Non
297 1769 542 1804 necessarium
570 1781 681 1805 certe.
712 1770 757 1805 cf.
780 1779 815 1813 5,
843 1782 902 1810 12,
929 1778 964 1815 8.
1021 1773 1281 1813 Burmannus,
1321 1781 1477 1807 tractare

176 1822 335 1870 proprio
358 1824 458 1858 ICtis
479 1836 585 1858 more
609 1825 685 1858 dici
706 1824 872 1859 absolute
895 1828 967 1861 fine
1000 1827 1173 1871 objecto,
1213 1826 1287 1863 hoe
1319 1828 1476 1876 quidem

176 1877 263 1911 loco
282 1878 382 1911 mihi
401 1891 479 1912 non
501 1879 648 1926 probat,
672 1882 743 1914 ‘etsi
763 1878 971 1916 locutionis
991 1883 1034 1916 in
1052 1893 1187 1928 genere
1210 1882 1327 1917 citans
1347 1883 1476 1920 testem

175 1930 512 1979 locupletiffimum
539 1933 658 1971 Vales.
686 1934 732 1968 ad
767 1936 893 1970 Amm.
925 1937 1042 1972 hiare.
1067 1943 1129 1980 28,
1154 1943 1188 1980 4.
1217 1949 1254 1983 p.
1295 1937 1354 1972 ed.
1378 1937 1474 1971 Gro-

175 1999 266 2020 nov.
295 1993 389 2032 413.
605 2002 744 2036 procur.
768 2008 821 2015 —
837 1991 909 2033 jus.
962 1992 1091 2026 Turic-
1111 2006 1150 2039 p.
1172 1992 1204 2027 h.
1220 1989 1253 2038 s.
1279 1994 1319 2026 is.
1359 2005 1379 2025 a
1405 1992 1473 2026 sec.

175 2053 311 2075 manu:
352 2052 564 2089 procurator·
590 2043 774 2078 habendus
794 2043 847 2092 fit
877 2047 907 2079 is
941 2057 976 2080 et
1009 2048 1056 2080 fic
1080 2045 1204 2081 Guelf.
1241 2046 1336 2090 (niti
1369 2045 1476 2094 quod

174 2100 467 2142 procuratorem)
502 2101 630 2146 Camp.
806 2103 967 2135 materia.
1025 2101 1153 2136 Turio.
1186 2099 1310 2136 Guelf.
1343 2095 1472 2149 Carhp.

174 2159 305 2187 natura
327 2164 413 2185 curn
433 2153 532 2188 Alm.
559 2152 669 2188 Bodl.
692 2154 808 2188 Andr.
831 2165 868 2189 et
889 2155 970 2190 edd.
993 2166 1076 2190 ante
1095 2157 1187 2191 Bad.
1229 2157 1380 2190 materia
1410 2169 1474 2190 na-

176 2213 255 2239 tura
278 2206 391 2241 Goth.
426 2209 658 2255 (utrumque
683 2209 796 2248 enim,
826 2222 896 2245 err.
923 2212 1055 2253 Gesn.)
1083 2223 1169 2245 curn
1188 2209 1290 2247 Voff.
1315 2221 1350 2246 2.
1398 2212 1472 2250 „In

171 2259 294 2298 „ValL
327 2272 511 2309 expuncta
541 2262 708 2297 dictione
739 2271 871 2298 natura
895 2263 1038 2312 legitur
1058 2267 1248 2300 maceria.“
1267 2265 1384 2300 BAD.
1424 2264 1472 2300 cf.

172 2325 208 2353 2,
242 2321 278 2359 8,
316 2326 375 2351 12.

227 2430 288 2467 18.
322 2424 468 2462 donare.
511 2426 556 2463 cf.
579 2436 615 2471 3,
640 2428 675 2469 6,
699 2435 734 2472 8.
903 2439 967 2465 20.
1003 2427 1193 2478 postquam
1229 2431 1471 2472 tractavimus,

232 2491 292 2524 19.
335 2481 550 2521 Procurator
577 2502 631 2510 ---
659 2484 793 2518 heredi·
848 2487 1036 2519 remittere.
1096 2485 1141 2520 cf.
1162 2494 1198 2527 5,
1222 2485 1258 2525 6,
1281 2492 1318 2529 8.

171 2535 276 2567 tario.
333 2535 379 2569 cf.
401 2542 435 2578 4,
467 2543 503 2580 4,
535 2537 570 2572 6.
624 2538 686 2572 De
710 2540 793 2582 jure

169 2587 324 2622 habendi
345 2600 614 2636 procuratorem
634 2594 791 2640 Capper.
903 2596 1066 2631 materia.
1127 2595 1173 2631 cf.
1205 2603 1243 2638 5,
1266 2601 1304 2639 8,
1328 2602 1390 2638 53·
1432 2603 1469 2639 ⁴7,

167 2641 312 2689 ablegat
358 2644 404 2678 ad
452 2646 628 2684 Institutt.
676 2654 711 2692 4,
751 2661 788 2684 x.
849 2657 885 2692 4,
914 2659 977 2691 24.

165 2696 257 2732 adde
287 2698 378 2747 Dig.
400 2708 436 2743 5,
458 2698 494 2743 5.
