1586 2990
1324 246 1428 298 435

89 361 405 415 universum
439 382 615 431 neque
644 366 865 416 oratoris
893 374 1028 432 puto
1059 360 1156 413 effe
1186 379 1425 429 unquam

87 443 462 508 praevaricari,
514 459 689 508 neque
721 443 876 492 litem
907 441 1172 507 intelligo,
1219 442 1277 489 in
1318 458 1424 509 qua

87 534 207 585 pars
231 529 457 585 utraque
481 519 627 568 idem
651 520 806 568 velit:
858 534 1033 584 neque
1061 529 1166 567 tam
1197 517 1422 567 stultum

86 604 422 660 quenquam,
463 599 583 662 qui,
622 596 667 646 fir
687 597 870 646 vivere
890 596 1035 653 vult,
1073 606 1297 645 mortem
1323 613 1422 661 po-

84 673 194 721 tius
239 673 376 722 male
414 683 582 740 petat,
645 689 807 740 quam
845 674 1067 722 omnino
1113 690 1224 723 non
1262 683 1418 739 petat.

83 748 217 798 Non
255 759 431 799 tamen
461 767 626 817 nego,
686 747 783 799 effe
816 747 1199 799 controverfias
1233 749 1418 811 hujus-
1429 759 1483 800 88

81 825 238 876 modi
267 825 536 893 figuratas:
584 837 647 877 ut
682 825 756 876 est
790 827 908 886 illa,
958 826 1105 875 Reus
1134 826 1419 890 parricidii,

83 903 226 967 quod
246 900 486 974 fratrem
521 899 802 977 οεείᾱξθὲί,
845 904 1143 952 damnatum
1172 905 1239 951 iri
1273 904 1419 952 vide-

83 975 265 1030 batur.-
299 992 462 1045 pater
478 997 579 1046 pro
610 976 896 1049 testimonio
918 981 1080 1038 dixit,
1117 997 1233 1028 eum
1243 975 1315 1051 se
1330 979 1420 1045 ju-

82 1053 228 1105 bente
238 1053 462 1130 fecejffe:
492 1053 779 1128 absolutum
804 1054 1023 1104 abdicat.
1076 1057 1219 1104 Nam
1240 1073 1417 1121 neque

80 1132 141 1181 in
170 1143 346 1186 totum
371 1131 484 1183 filio
508 1135 700 1199 parcit,
738 1149 861 1191 nec,
893 1131 1043 1199 quod
1075 1133 1253 1196 priore
1274 1132 1417 1194 judi·
1451 1174 1456 1182 .

81 1209 165 1259 cio
190 1206 493 1268 affirmavit,
512 1221 719 1259 mutare
741 1209 914 1275 palam
938 1207 1125 1276 potest,
1151 1219 1203 1257 et
1224 1220 1285 1258 ut
1300 1227 1416 1260 non

80 1284 236 1334 durat
262 1286 402 1335 ultra
430 1303 660 1353 poenam
697 1285 1068 1344 abdicationis,
1107 1286 1180 1334 ita
1210 1286 1417 1335 abdicat

78 1371 283 1421 tamen:
350 1372 403 1411 et
425 1363 629 1428 alioqui
656 1360 825 1428 figura
856 1363 914 1411 in
944 1373 1090 1428 patre
1117 1363 1240 1427 plus
1273 1362 1414 1422 facit,

14 1447 21 1452 “
78 1455 241 1505 quam
268 1439 415 1499 licet,
451 1440 512 1489 in
533 1437 648 1490 filio
670 1439 864 1490 minus.
943 1440 1016 1488 Ut
1042 1449 1219 1488 autem
1251 1457 1412 1491 nemo
1425 1457 1478 1501 89

340 236 503 291 ms'r.
541 236 820 285 orm-ron.
864 237 986 285 Lm,
1019 235 1109 296 lx,
1145 247 1196 284 2.-

160 1592 236 1630 viv.
263 1590 355 1629 vult.
412 1592 477 1629 Sic
514 1591 646 1629 Turic.
684 1589 788 1628 Flor.
822 1588 950 1629 Guelf.
993 1589 1125 1642 Camp.
1167 1591 1284 1629 Goth.
1315 1593 1415 1632 Jens.

75 1647 173 1696 (tac.
198 1650 337 1698 Gern.)
359 1661 448 1685 cum
467 1649 574 1688 voff.
599 1660 635 1686 2.
664 1659 701 1685 et
724 1649 808 1685 edd.
829 1658 915 1684 ante
937 1648 1046 1685 Bam.
1078 1647 1238 1697 Reliqui
1258 1663 1292 1685 υ.
1311 1651 1413 1687 velie.

161 1712 228 1751 88.
270 1706 309 1741 in
333 1704 440 1753 filio.
492 1705 626 1742 Turic.
655 1703 760 1741 Flon.
791 1705 927 1740 Ambr.
954 1718 988 1740 ι.
1017 1714 1052 1741 2.
1082 1706 1214 1754 Camp.
1243 1705 1412 1753 i.filium

76 1773 167 1799 eum
185 1763 302 1798 Bern-
321 1761 424 1798 Alm.
447 1763 546 1800 Jens.
570 1763 669 1807 (tac.
692 1762 829 1806 Gern.)
859 1770 897 1796 et
921 1760 1008 1797 edd.
1038 1771 1124 1797 ante
1145 1761 1234 1796 Ald.
1285 1763 1411 1798 Modo

72 1827 220 1870 patrem
246 1829 404 1868 quoque
426 1814 555 1854 Guelf.
595 1816 704 1867 quod
730 1827 768 1854 et
799 1829 846 1853 ex
865 1815 969 1852 Alm.
994 1818 1151 1853 affertur
1185 1818 1261 1863 (cf.
1285 1821 1320 1866 §.
1344 1825 1410 1863 83.

77 1877 169 1924 90.)
197 1886 288 1912 cum
310 1875 407 1911 Loc.
435 1874 532 1914 Ven.
561 1875 671 1912 Ruso.
702 1884 914 1923 utrumque
945 1873 1100 1910 volente
1129 1874 1268 1922 Regio.
1319 1875 1411 1910 Seu·

74 1997 181 2036 niam
234 1994 379 2036 multae
437 1997 717 2035 controverfiae

74 2053 155 2091 hoc
180 2052 326 2090 habent
354 2050 401 2089 de
422 2053 562 2090 mortis
587 2053 716 2102 postu·

75 2108 244 2150 latione,
283 2110 562 2158 supervacuum
597 2108 719 2144 fuerit

75 2164 121 2201 in
151 2177 227 2203 una
255 2162 300 2205 id
329 2164 435 2201 causa
457 2174 534 2206 tam
558 2162 716 2214 operose

75 2214 228 2258 docere.
259 2220 308 2257 cf.
331 2229 370 2266 7,
396 2230 460 2263 ιο,
486 2227 524 2267 3.

134 2336 202 2377 38.
232 2329 334 2369 Reus
352 2350 408 2362 -ι
430 2331 646 2371 damnatum
669 2331 716 2369 ι’νί

75 2388 281 2428 videbatur.
337 2389 385 2425 In
420 2388 493 2426 hac
527 2389 714 2426 structura

75 2440 250 2479 levicula
283 2443 450 2492 quodam
486 2456 614 2481 errore
651 2446 714 2481 de·

76 2497 222 2537 flexum
258 2499 329 2536 effe
365 2513 386 2535 a
418 2512 509 2537 vera
551 2498 714 2543 1atione.

77 2565 175 2604 quae
207 2569 308 2592 reum
345 2555 581 2605 postulabat,
623 2569 714 2593 cum

75 2612 236 2661 proprie
261 2624 279 2646 a
302 2610 517 2648 damnatum
537 2611 713 2661 (supino)

75 2667 239 2715 pendeat
260 2670 314 2702 rei
332 2666 618 2710 substantivum,
634 2681 713 2704 non

77 2723 265 2760 toleratur
285 2724 334 2759 ad
352 2724 556 2766 videbatur.
587 2735 714 2761 osten·

76 2777 148 2820 dit,
179 2793 295 2828 quem
317 2792 450 2818 omnes
463 2781 541 2823 huc
561 2789 714 2824 vocant,

772 1994 1001 2034 Perizonius
1025 1994 1072 2031 ad
1100 1995 1244 2032 Sanetii
1265 1994 1414 2033 Miner·

772 2064 864 2088 vam
885 2059 923 2096 5,
951 2066 967 2087 1
983 2066 1012 2087 ι.
1035 2065 1073 2101 p.
1095 2053 1186 2096 426.
1207 2051 1413 2102 (ed.Lug·

774 2107 866 2144 dun.
892 2109 1037 2155 1789).
1066 2110 1191 2148 „Reus
1219 2108 1290 2143 itur
1310 2109 1411 2145 ‹lam-

771 2173 927 2206 „natum
946 2162 1052 2199 idem
1070 2164 1176 2213 quod
1191 2163 1292 2200 Reus
1307 2165 1412 2200 dam·

770 2220 989 2262 ..nabitur.“
1043 2219 1302 2269 Nequaquam
1335 2220 1411 2270 igi·

772 2285 837 2313 tur
862 2274 1119 2313 dubitandum
1150 2276 1200 2312 est
1231 2274 1277 2313 de
1306 2275 1411 2314 veri-

772 2342 846 2368 tate
875 2330 1096 2381 scripturae.

828 2387 947 2425 durat.
989 2386 1310 2430 Intransitivum.
1341 2387 1411 2438 qni

770 2440 837 2480 hic
877 2443 951 2486 est,
990 2443 1104 2480 verbi
1140 2443 1407 2492 fignificatum.

770 2511 850 2536 non
874 2499 1034 2550 quidem
1061 2499 1269 2549 temporis,
1301 2501 1409 2549 quod

770 2554 999 2593 tralatitium
1015 2556 1076 2597 est.
1101 2557 1160 2592 sed
1179 2555 1269 2596 irae,
1293 2555 1408 2593 etiam

768 2610 912 2648 Lexica
943 2610 1130 2662 exemplis
1153 2610 1332 2662 probant,
1363 2623 1408 2652 ut

769 2668 921 2704 Petron.
936 2680 967 2704 e.
984 2676 1073 2712 ²05·
1096 2668 1185 2705 Tac.
1197 2669 1297 2704 Anu.
1321 2681 1354 2710 ι,
1369 2669 1407 2713 6,

770 2723 818 2760 cf.
844 2728 879 2772 ᾖ.
903 2733 968 2772 91.

825 2780 864 2816 in
885 2779 992 2827 filio.
1050 2778 1098 2818 cf.
1127 2790 1210 2817 not.
1236 2778 1323 2824 erit,

823 2849 855 2883 E
874 2862 893 2885 e
926 2858 954 2885 2
