1586 2990
248 194 344 244 514
559 189 633 234 Μ.
668 190 800 235 FAB.
837 189 1241 251 QU1NT1uAN1

243 319 431 376 genere
471 310 690 362 discedit
718 316 988 377 μετωνυμία,
1045 331 1176 378 quae
1211 313 1289 384 efi
1337 320 1544 367 nominis

238 403 338 451 pro
356 390 548 436 nomine
564 384 746 457 positio
758 406 778 448 ,-
814 392 961 449 cujus
973 389 1055 437 vis
1067 388 1152 447 est,
1175 407 1272 454 pro
1294 408 1373 451 eo,
1396 393 1565 458 quod

241 462 451 519 dicitur,
477 462 692 519 causam,
725 473 939 528 propter
965 479 1123 528 quam
1147 463 1350 525 dicitur,
1381 485 1544 533 pone-

239 554 324 588 re:
365 538 468 595 sed,
503 548 565 585 ut
590 540 659 586 ait
678 539 878 595 Cicero,
915 539 1172 603 ὑπαλλαγὴν
1207 541 1438 591 rhetores
1463 543 1586 596 ‹li-72

240 624 381 680 cunt.
439 616 577 660 Haec
602 614 815 664 inventa
837 614 898 662 ab
923 617 1214 672 inventore,
1246 626 1298 664 et
1321 615 1547 678 subjecta

239 689 303 735 ab
337 688 693 738 obtinentibus
727 688 998 754 significat:
1048 701 1133 749 ut,
1175 691 1408 741 Cererem
1437 708 1544 741 cor-

238 772 442 826 ruptam
470 765 638 813 undis.-
679 775 752 822 et,

725 863 794 874 -—·
827 865 892 875 --
926 851 1114 896 receptus
1370 871 1374 874 ‚

372 907 499 949 Terra
529 907 757 963 Neptunus
789 905 932 968 claffis
965 907 1237 965 Aquilonibus
1265 918 1392 954 arceb.

321 1021 384 1055 23.
425 1012 587 1048 discedit.
647 1013 777 1048 Turic.
811 1012 915 1049 Flor.
954 1013 1078 1050 Guelf.
1111 1013 1293 1062 descendit
1321 1027 1410 1050 cum
1439 1014 1540 1052 Alm.

234 1067 338 1106 Voff.
361 1077 395 1102 2.
429 1070 534 1111 (non
554 1067 699 1111 Goth.)
721 1079 756 1102 et
776 1067 859 1102 edd.
888 1079 971 1103 ante
993 1068 1078 1103 Ald.
1101 1083 1147 1104 ex
1168 1071 1299 1118 Camp.

317 1124 474 1156 nominis
494 1135 563 1169 pro
587 1125 734 1157 nornine
753 1121 895 1170 positio.
941 1124 1071 1157 Turic.
1102 1123 1203 1158 Flor.
1234 1125 1328 1168 (nifi
1351 1125 1457 1172 quod
1475 1125 1540 1160 hic

232 1175 394 1226 positio)
425 1190 498 1211 non
518 1173 679 1223 mim-'fito
702 1179 846 1211 nomine
864 1177 1003 1226 posito,
1035 1191 1051 1211 a
1074 1179 1141 1213 fec.
1162 1192 1277 1213 manu
1300 1181 1456 1214 nominis
1477 1193 1540 1215 no-

232 1235 329 1266 mine
346 1231 465 1281 posteo
496 1241 531 1266 et
553 1233 600 1266 fic
624 1231 749 1266 Guelf.
776 1233 906 1279 Camp.
937 1232 1031 1275 (nisi
1055 1233 1159 1280 quod
1181 1233 1244 1267 hie
1262 1233 1426 1283 positus)
1450 1246 1538 1268 cum

233 1286 352 1322 Goth.
393 1286 465 1321 Sed
493 1285 594 1322 Flor.
625 1300 643 1320 a
674 1287 740 1322 sec.
768 1300 885 1321 manu
911 1289 1067 1322 nominis
1099 1296 1225 1336 tropus
1250 1292 1395 1323 nomine
1420 1287 1537 1337 pofito

232 1353 272 1377 et
289 1342 386 1379 Jens.
415 1342 475 1376 fed
497 1354 564 1388 pro
582 1342 722 1376 inserto
741 1342 824 1388 post
843 1350 988 1389 ενοριιε,
1018 1352 1062 1376 ut
1079 1353 1116 1377 et
1135 1344 1289 1377 affertur
1309 1356 1357 1378 ex
1373 1343 1477 1381 Voff.
1501 1354 1539 1378 2.

232 1409 320 1432 cum
347 1396 430 1431 edd.
453 1407 537 1431 ante
557 1395 644 1430 Ald.
685 1396 868 1431 Nostrum
886 1397 928 1430 iu
949 1395 1046 1431 vall.
1069 1397 1137 1431 effe
1159 1397 1309 1432 testatur
1328 1398 1482 1432 Badius.

315 1449 333 1486 ὁ
348 1449 600 1498 παλλαγῆν
629 1452 718 1485 rhet.
779 1451 908 1486 Turic.
936 1451 1118 1499 hyppalla
1141 1450 1208 1500 effe
1228 1466 1255 1486 r.
1292 1465 1310 1486 a
1333 1453 1400 1487 sec.
1423 1465 1540 1488 manu

230 1507 461 1556 hyppallage
490 1504 559 1555 effe
588 1521 616 1541 r.
673 1506 798 1557 Egiam
821 1505 923 1540 Flor.
956 1506 1082 1541 Guelf.
1115 1507 1243 1555 Camp.
1275 1505 1540 1556 inserunt'effi

230 1574 317 1598 cum
331 1561 432 1597 Alm.
445 1561 530 1597 Ald.
546 1560 640 1597 Obr.
679 1574 760 1595 eam
776 1560 845 1609 effe
864 1561 979 1596 Goth.
1001 1574 1088 1596 cum
1111 1561 1212 1597 Voff.
1228 1571 1264 1596 2.
1287 1572 1324 1597 et
1343 1561 1441 1599 Vall.
1470 1559 1541 1597 nffi

231 1617 338 1666 quod
369 1617 434 1652 hic
453 1616 743 1664 superscriptum
764 1629 855 1650 eam.
897 1616 1020 1651 Credo
1041 1616 1202 1662 (collata
1222 1617 1388 1652 maxime
1407 1618 1536 1652 Turic-

229 1673 353 1721 prima
379 1674 521 1716 manu)
550 1671 592 1707 in
611 1671 690 1707 istis
718 1671 866 1707 insertis
891 1670 995 1706 nihil
1015 1671 1120 1707 aliud
1148 1671 1264 1707 latere
1286 1672 1356 1707 nifi
1377 1685 1469 1707 eam.

286 1769 350 1802 23.
401 1762 500 1804 cujus
542 1762 598 1795 vis
625 1777 678 1785 --·
709 1772 857 1806 ponere.
913 1759 1039 1805 Igitur
1085 1757 1241 1804 gloss'am
1279 1760 1350 1795 ess'e
1395 1760 1537 1801 censeo,

229 1817 508 1862 Quamcunque
530 1815 572 1849 in
595 1824 741 1862 partem
773 1827 858 1848 ver·
913 1812 1055 1847 allitam
1078 1813 1124 1848 ab
1146 1807 1212 1854 eb,
1243 1815 1312 1862 qui
1338 1813 1539 1862 vulgarem

228 1881 284 1906 tas
335 1869 448 1911 haec,
489 1870 675 1904 idoneum
714 1869 857 1903 sensum
912 1868 1171 1913 metonymiae
1258 1869 1557 1909 definitionem„

230 1938 336 1962 eruas
365 1925 528 1960 nullum.
559 1923 663 1970 Quid
686 1924 787 1958 enim
809 1923 859 1957 est
914 1935 987 1969 qua
1007 1922 1232 1970 perhibetur
1253 1924 1322 1959 effe
1343 1923 1448 1972 causa
1467 1937 1536 1972 pro

227 1993 362 2030 ponere
398 1981 425 2016 i.
465 1993 496 2014 e.
537 1980 661 2013 dicere
709 1978 858 2024 aliquid

227 2049 302 2085 pro
324 2049 382 2077 eo,
407 2035 512 2084 quod
534 2036 692 2068 dicitur?
723 2034 763 2068 Si
782 2045 853 2080 pro

229 2105 297 2131 eo,
339 2091 443 2139 quod
472 2091 543 2125 clici
573 2087 699 2130 dehet,
733 2087 853 2135 capio.

227 2147 391 2186 Deinde,
413 2145 610 2194 quomodo
631 2144 752 2193 potest
770 2155 854 2177 cau-

226 2203 282 2242 sa,
309 2212 466 2250 propter
495 2213 607 2247 quam
631 2198 778 2247 aliquid
800 2197 854 2230 di-

227 2259 340 2295 citur,
372 2257 452 2300 ejus
481 2257 595 2302 ipfius
616 2254 704 2289 loco
725 2250 853 2301 poni?

228 2312 270 2348 Si
292 2311 385 2359 quid
407 2311 528 2358 igitur
550 2309 637 2344 dico
658 2310 752 2343 risus
773 2321 855 2342 rno-

227 2366 348 2404 vendi
367 2367 482 2406 causa,
511 2363 620 2411 risum
643 2365 765 2411 ipsum
786 2375 855 2410 po-

227 2436 316 2459 nam
355 2421 382 2455 i.
425 2435 455 2457 e.
494 2418 726 2455 vocabulum
767 2417 856 2465 risus

227 2475 516 2527 pronunciabO,
564 2484 601 2509 et
645 2473 738 2508 haec
782 2472 856 2507 erit

227 2532 464 2580 metonymia
479 2528 499 2564 ‘2
564 2530 693 2576 Apage
735 2540 854 2574 nugas

227 2588 323 2623 istas.
353 2586 456 2622 ·Nec
484 2583 613 2632 potuit
635 2583 710 2618 hoc
737 2581 854 2630 profi—

228 2643 315 2678 cisci
349 2642 394 2677 ab
421 2639 578 2688 iugenio
612 2637 853 2684 Quintiliani,

229 2710 299 2733 nec
337 2696 454 2732 uuam
490 2691 675 2728 medelam
704 2693 853 2742 recipit.

915 1976 1061 2024 effectu,
1104 1976 1220 2014 vellet
1266 1979 1421 2027 quidem
1467 1992 1536 2014 nec
1578 2025 1586 2032 ς

910 2032 1031 2080 poffet
1051 2043 1175 2068 tamen
1207 2033 1349 2082 el‘oqui.
1390 2036 1462 2070 Sed
1489 2048 1536 2069 ne

908 2087 1089 2134 probavit
1118 2088 1273 2135 quidem
1304 2089 1401 2125 hanc
1419 2090 1537 2126 ratio-

909 2155 997 2177 nem
1028 2143 1169 2183 noster,
1202 2145 1271 2191 qui
1300 2156 1394 2179 mox
1419 2145 1534 2180 latius

911 2207 948 2231 et
986 2198 1116 2233 verius
1157 2198 1322 2245 designat
1367 2209 1534 2248 tropum.

909 2253 1033 2286 Etiam
1071 2253 1112 2286 id
1154 2253 1279 2288 suadet
1317 2267 1534 2302 expungere

911 2306 1002 2342 haec
1032 2308 1169 2348 verba,
1234 2307 1338 2355 quod
1372 2309 1534 2344 infertur
1572 2317 1573 2320 ’

911 2361 981 2396 alia
1019 2363 1125 2409 tropi
1160 2363 1292 2408 hujus,
1317 2363 1532 2412 appellatio,

911 2430 1005 2464 quae
1025 2418 1141 2464 ipsam
1162 2417 1331 2466 priorem
1347 2419 1553 2454 continuo>-

909 2472 1013 2519 sequi
1034 2472 1204 2513 debebat,
1233 2485 1312 2508 non
1335 2473 1532 2519 interjecta

910 2525 1143 2563 definitione.
1559 2567 1562 2570 ‚

963 2591 1002 2616 ut
1030 2584 1084 2616 ait
1107 2584 1240 2618 Cicero.
1282 2581 1386 2618 Orat.
1410 2576 1442 2619 ὃ.
1466 2591 1530 2624 27.

912 2637 1083 2672 Cererem.
1122 2639 1215 2674 Aen.
1251 2632 1291 2678 ιζ
1321 2646 1408 2679 177·
1455 2638 1530 2672 ,Re-

910 2701 1030 2740 ceptus
1051 2702 1146 2728 cerra
1162 2694 1258 2728 Hor.
1281 2691 1327 2727 ad
1348 2691 1417 2726 Pir.
1439 2691 1525 2735 65...
