1586 2990
275 148 441 196 INST.
486 145 763 192 ORATOR.
806 143 931 191 Lm.
963 143 1060 200 lx,-
1088 156 1133 186 2.
1287 148 1348 199 41
1361 152 1385 184 1

59 281 141 336 Et,
161 280 286 327 c'um
303 291 378 333 ea,
400 290 534 340 quae
555 273 807 322 nolumus
821 268 994 320 videri
1008 269 1066 318 in
1083 265 1390 317 adversariis
1406 284 1457 328 49

60 353 175 413 effe,
201 350 543 402 concedimus
559 351 651 399 eis.
689 348 752 398 Id
772 348 942 397 acrius
959 344 1032 405 fit,
1055 361 1180 394 cum
1207 344 1390 394 eadem

59 432 120 482 in
139 431 295 482 nobis
319 427 344 476 s
343 438 465 486 unt,
503 437 555 476 et
577 428 636 476 in
658 423 961 475 adversariis
983 441 1094 474 non
1122 421 1274 472 sunt:

230 552 300 561 --
331 551 400 559 —
433 527 588 582 Meque
622 526 787 567 timoris

131 601 274 651 Argue
295 605 366 644 tu,
408 595 601 640 Drance,
640 593 812 649 quando
837 600 905 634 tot·
927 591 1065 633 caedis
1087 604 1259 632 acervos

138 666 383 706 Teucrorum
419 673 498 705 tua
531 662 686 703 dextra
719 660 850 704 dedit.

66 752 230 823 Quod
251 751 395 800 idem
421 760 602 800 contra
625 750 790 808 valet,
830 764 954 798 cum
974 757 1064 797 aut
1087 763 1169 804 ea,
1210 763 1344 812 quae
1368 765 1397 795 a

65 830 225 882 nobis
256 827 468 885 absunt,
506 838 595 876 aut
619 829 800 883 etiam,
839 826 1054 892 quaein
1077 823 1399 874 adversarios

67 905 338 964 recidunt,
380 903 524 971 quasi
551 902 811 952 fatemur:

139 1006 217 1048 Me
236 1003 339 1046 duee
358 1003 612 1044 Dardanius
635 1003 839 1056 Spartam
860 1001 1127 1055 expugnavit
1149 1001 1331 1043 adulter.

70 1092 187 1142 Nec
206 1093 264 1141 in
283 1079 520 1157 personis
542 1100 774 1147 tantum,
812 1087 904 1137 sed.
928 1098 979 1136 et
1003 1090 1062 1136 in
1094 1088 1252 1138 rebus
1283 1105 1401 1137 ver·
1416 1106 1467 1143 50

70 1167 213 1217 satur
242 1167 368 1226 haec
392 1167 650 1216 contraria
679 1165 917 1223 dicendi,
970 1182 1130 1230 quam
1162 1182 1296 1230 quae
1319 1167 1404 1214 in-

69 1245 239 1310 telligi
261 1244 396 1294 velis
411 1281 425 1302 ‚
463 1244 621 1300 ratio,
664 1253 726 1292 ut
744 1253 920 1292 totum
943 1259 1041 1307 pro
1063 1244 1292 1310 Quincto
1314 1244 1404 1291 Li·-

0 1321 217 1387 ›32gario
242 1323 599 1387 prooemium,
631 1330 683 1368 et
713 1320 834 1368 illae
862 1319 1200 1378 elevationes,
1244 1321 1306 1370 V
1300 1320 1405 1367 ide-

71 1399 212 1457 licet,
254 1398 302 1448 0
325 1398 398 1446 dii
422 1395 536 1447 boni
551 1395 568 1444 ,¹

206 1497 371 1538 Scilicet
404 1497 442 1537 is
465 1490 636 1557 fitperl's
669 1494 789 1537 labor
821 1494 894 1559 ss.

72 1588 140 1636 Et
167 1585 260 1634 ille
285 1601 385 1652 pro
413 1584 590 1652 Qppio
621 1584 800 1642 locus,
852 1584 900 1634 Ο
934 1600 1160 1632 amorem
1194 1581 1406 1632 mirum!
1421 1595 1470 1634 5ι

102 1781 106 1785 .
162 1757 228 1800 49.
257 1749 325 1793 Et,
339 1765 414 1787 cum
427 1753 605 1787 ea—-eis,
636 1751 768 1787 Turic-
781 1748 886 1786 Flor.
906 1765 950 1786 ea
961 1765 994 1800 q.
1009 1765 1043 1786 n.
1058 1749 1127 1800 effe
1140 1752 1178 1785 in
1192 1748 1276 1798 mse
1289 1753 1327 1796 (a
1339 1750 1407 1788 see.

77 1820 197 1844 mutu
214 1818 375 1855 uterque
387 1806 475 1856 sed)
496 1822 526 1843 c.
549 1821 578 1843 e.
600 1821 688 1843 eum
701 1806 804 1842 Alm.
849 1808 1064 1843 Secundam
1085 1807 1228 1843 horum
1249 1821 1411 1842 manum

77 1865 221 1900 retinet
251 1865 384 1913 Camp.
411 1863 474 1900 sed
504 1864 578 1900 vol.
635 1865 722 1899 H'oc
743 1863 867 1911 ipsum
890 1863 1028 1904 multi,
1059 1863 1121 1898 sed
1145 1876 1234 1898 cum
1258 1862 1411 1912 reliqua

79 1920 206 1956 :nostra
226 1919 423 1968 scriptura,
458 1931 502 1955 ut
523 1919 651 1955 Guelf.
672 1919 790 1955 Goth.
815 1921 904 1964 (tae.
927 1920 1056 1966 Gesn.)
1077 1919 1147 1967 qui
1169 1929 1206 1954 et
1228 1922 1278 1959 in,
1304 1919 1412 1966 quod

80 1975 237 2024 reposui
263 1975 348 2023 post
377 1976 461 2023 Bip.
492 1986 529 2010 et
549 1975 693 2010 habent
715 1974 798 2009 edd.
825 1985 910 2010 ante
930 1977 1062 2009 Bunn.
1122 1977 1166 2009 111
1190 1974 1259 2009 illa
1282 1985 1413 2010 vetere

84 2045 130 2068 ea
150 2029 261 2065 facile
282 2040 408 2065 mutes
438 2031 480 2065 in
503 2039 550 2066 et.
772 2043 852 2064 cum
879 2031 960 2065 ead.
1020 2031 1152 2065 Turic.
1181 2030 1285 2065 Flor.
1320 2031 1413 2073 (hic

85 2099 107 2121 a
128 2098 186 2134 pr.
207 2087 351 2129 manu)
382 2086 516 2134 Camp.
544 2099 637 2134 quae
665 2100 696 2121 e.
746 2107 748 2110 -
863 2086 901 2119 in
927 2085 1157 2135 adversariis.
1197 2086 1261 2121 Sic
1281 2087 1415 2124 Turio.

85 2141 191 2178 Flor.
225 2141 358 2189 Camp.
405 2140 566 2190 Reliqui
592 2146 617 2177 i.
657 2139 877 2190 adversario.
1103 2145 1140 2177 in
1170 2141 1411 2191 adversarios.

88 2197 223 2233 Turia.
257 2195 359 2232 Flor.
394 2196 483 2241 (hic
511 2211 532 2232 a
556 2211 614 2245 pr.
640 2200 786 2239 manu)
816 2196 1035 2246 adversariis
1063 2211 1152 2233 cum
1179 2198 1281 2235 Alm.
1339 2199 1415 2234 Sed

91 2252 210 2289 Goth.
231 2250 323 2300 (tac.
347 2253 474 2297 Gesn.)
502 2254 632 2302 Camp.
658 2255 697 2288 in
717 2252 936 2301 adversariis
965 2267 1054 2289 cum
1075 2255 1181 2293 Voff.
1206 2266 1243 2291 2.

167 2306 344 2355 fatemur.
396 2308 458 2343 Sic
487 2308 907 2346 Turic.Flo1·.Guelf.
940 2311 1072 2360 Camp.
1102 2325 1190 2346 cum
1222 2310 1345 2346 codd.
1379 2322 1418 2347 et

95 2363 181 2399 edd.
203 2373 287 2398 ante
309 2366 540 2413 Stoe1·.quo
559 2378 632 2400 acc.
656 2364 752 2400 Obr.
775 2364 877 2400 Roll.
894 2368 1010 2415 Capp.
1040 2367 1199 2416 Reliqui
1213 2366 1416 2414 fateamur.

178 2426 243 2463 50.
276 2417 346 2467 sed
371 2421 720 2456 et.Tu1·ic.cum
742 2421 845 2459 Alm.
871 2423 1019 2458 omittit
1034 2422 1125 2472 sed,
1158 2424 1290 2472 Camp.
1314 2433 1361 2460 et.

183 2483 355 2522 51.pro
379 2476 518 2525 Oppio.
545 2459 703 2563 ιΤιιιιο.
733 2479 898 2526 proprio.
939 2479 1071 2530 Camp.
1102 2482 1263 2530 proprie·
1313 2480 1416 2517 Flor.

99 2573 150 2623 (a
169 2589 228 2626 pr.
250 2577 393 2621 manu)
419 2590 487 2626 pro
512 2590 582 2625 pto.
636 2577 697 2614 Ex
724 2578 827 2616 Alm.
857 2594 925 2628 pro
949 2577 1014 2630 pd.

183 2706 253 2745 51.
287 2713 356 2750 pro
387 2701 526 2751 Oppio.
566 2701 613 2740 cf.
637 2710 674 2750 5,
705 2713 769 2750 ιδ,
793 2713 860 2751 50.
