1586 2990
255 173 414 222 ms‘r.
461 171 740 224 onnon,
783 169 902 216 Lm.
939 166 1026 226 lx,
1067 181 1110 215 1.
1251 169 1362 228 ..367

33 301 238 370 species.
296 305 470 369 Quare
503 299 737 364 primum
762 295 1078 346 intuendum
1101 294 1189 354 est,
1222 295 1357 362 quid
1393 315 1400 328 ¹

33 379 263 444 accipere
309 377 593 426 debeamus
626 372 887 445 figuram.
965 375 1106 424 Nam
1141 373 1356 423 duobus

27 454 204 508 modis
225 453 448 503 dicitur:
480 469 610 511 uno,
636 451 1020 517 qualiscunque
1028 447 1218 520 forma
1242 449 1358 499 sen-

32 533 248 590 tentiae;
297 528 427 580 ficut
447 530 507 579 in
532 528 864 596 corporibus,
895 527 1106 593 quibus,-
1133 544 1355 594 quoquo

29 607 195 659 modo
220 606 342 657 sunt
375 604 681 672 composita,
721 605 908 670 utique
931 604 1138 654 habitus
1160 603 1232 653 est
1263 605 1357 652 ali-

33 686 183 751 quis:
232 684 411 742 altero,
450 700 559 749 quo
582 683 797 749 proprie
806 679 1023 752 schema
1048 681 1258 740 dicitur,
1296 682 1355 729 in
1373 704 1419 727 ιι

31 756 185 811 fie'nsu
207 761 296 810 vel
323 758 562 810 sermone
584 760 757 824 aliqua
778 777 806 807 a
830 759 1038 824 vulgari
1061 767 1112 806 et
1135 757 1358 824 fimplici

31 835 201 904 specie
233 854 356 886 cum
387 837 590 886 ratione
619 836 869 894 mutati03
922 835 1052 887 ficut
1081 852 1180 885 nos
1201 831 1359 908 secle-

31 931 165 973 mus,
203 911 553 972 incumbimus,
593 909 899 985 respicimus.
985 915 1195 977 Itaque,
1234 927 1360 962 cum

30 991 92 1040 in
115 990 328 1042 eosdem
350 987 516 1048 casus,
556 999 648 1038 aut
677 999 936 1055 tempora,
976 999 1068 1038 aut
1087 1005 1357 1047 numerOS,

30 1067 302 1126 autetiam
324 1066 487 1134 pedes
511 1066 768 1115 continuo
793 1067 941 1130 quis,
980 1075 1071 1114 aut
1104 1076 1240 1114 certe
1274 1068 1358 1114 ni-

28 1143 202 1196 mium
235 1141 540 1208 frequenter
579 1143 830 1199 incurrit,
890 1142 1188 1208 praecipere
1224 1140 1358 1192 sole-

0 1262 1 1265 *
28 1235 149 1284 mus
169 1219 455 1271 variandas
470 1217 693 1290 figuras
721 1216 818 1268 effe
847 1218 1090 1269 vitandae
1114 1218 1357 1270 fimilitu-

114 1405 337 1455 corporibus,
367 1405 507 1455 quibus.
558 1406 621 1442 Sic
642 1406 776 1442 Turic-
797 1404 924 1442 Guelf.
948 1419 1037 1442 cum
1060 1406 1209 1458 Gryph.
1232 1409 1356 1445 stoer.

31 1459 197 1501 ehou'et.
218 1463 330 1499 Leid.
353 1463 455 1498 Gibs.
494 1461 655 1510 Reliqui
675 1462 846 1498 inserunt
871 1465 919 1499 in.
952 1495 954 1497 ,
1025 1462 1116 1512 sunt
1141 1477 1258 1511 comp.
1293 1465 1357 1499 Sic

32 1518 166 1554 Turio.
189 1518 306 1555 Goth.
329 1519 426 1556 Jens.
446 1517 535 1565 (tac.
560 1518 689 1566 Gesn.)
708 1531 798 1554 cum
821 1519 904 1554 edd.
923 1519 1082 1568 posterni
1105 1530 1190 1555 ante
1204 1520 1357 1570 Gryph-

31 1572 193 1624 Reliqui
211 1573 291 1624 fint
319 1588 347 1609 c.

12 1646 20 1648 -
124 1643 188 1666 ιι.
228 1643 299 1680 quo
326 1631 487 1678 proprie.
545 1629 608 1664 Sic
638 1629 1097 1680 Turic0G11elf.Camp.
1130 1645 1217 1667 cum
1246 1630 1355 1668 Bafil.

33 1687 155 1722 Stoer.
180 1686 345 1722 Chouet.
369 1685 480 1720 Leid.
520 1685 679 1734 Reliqui
707 1687 805 1735 quod
824 1701 862 1735 p.
998 1688 1180 1736 sedemus.
1222 1677 1357 1724 Tinic.

30 1741 206 1779 redemus.
254 1740 356 1778 Alm.
386 1741 577 1776 reddemus
603 1743 679 1787 (cf.
711 1747 743 1789 §-
769 1750 805 1785 5.
832 1745 936 1790 ι4.).
988 1743 1054 1778 Illi
1089 1758 1109 1778 a
1139 1746 1208 1779 sec.
1237 1757 1356 1780 manu

31 1796 235 1849 ascriptum
262 1797 322 1833 vel
347 1797 518 1832 ridemus.
689 1797 908 1848 respicimus.
951 1800 1078 1836 Guelf.
1105 1799 1326 1848 mspicimus.

114 1855 296 1899 continuo,
347 1853 409 1889 Sic
430 1853 561 1889 Turio.
585 1853 711 1891 Guelf.
734 1855 864 1903 Camp.
887 1869 975 1891 cum
997 1856 1095 1895 Jens.
1117 1858 1206 1901 (tac.
1224 1856 1353 1903 Gesn.)

32 1919 71 1945 et
94 1909 179 1945 edd.
201 1920 286 1946 ante
314 1911 447 1945 Burm.
486 1923 565 1946 exc.
589 1911 683 1945 Loc.
707 1911 801 1947 Ven.
826 1911 935 1948 Ruso.
968 1913 1038 1960 qui
1074 1925 1163 1947 cum
1191 1912 1356 1960 reliquis

31 1964 80 2000 ad
108 1965 224 2013 Regii
245 1976 412 2001 mentem
442 1967 623 2000 continue.
663 1966 755 2003 vide
784 1977 864 2002 not.
895 1968 942 2002 ad
971 1979 1009 2008 2,
1039 1979 1103 2008 20,
1135 1976 1173 2011 5.
1233 1968 1354 2005 Goth.

33 2021 132 2065 (tac.
154 2021 290 2067 θείῃ.)
322 2022 509 2082 continuos
540 2033 629 2056 cum
652 2021 763 2058 Colb.
786 2022 891 2061 Voff.
909 2034 946 2060 2.
979 2022 1100 2064 Vall..

92 2177 156 2201 ιι.
201 2166 240 2200 in.
273 2163 382 2213 sensu
410 2181 466 2193 -·
495 2167 663 2201 mutatio.
721 2165 764 2200 in
786 2178 846 2206 us,
875 2167 1043 2203 monebo
1073 2167 1203 2204 minus
1235 2178 1356 2207 atten-

31 2220 137 2256 Hinc
169 2221 382 2270 expteffurn
409 2219 664 2257 Ruhnkenius
722 2232 800 2262 tos,
831 2224 1006 2272 corporis
1029 2223 1190 2260 humani
1210 2238 1228 2260 a
1246 2236 1353 2262 recto

32 2277 202 2324 agnoscit
228 2274 426 2312 Rufiniani
463 2275 595 2312 locum
623 2290 662 2327 p.
720 2277 814 2313 statu
831 2277 970 2314 deflexi
990 2281 1131 2328 positus
1154 2280 1357 2329 designari.

34 2330 128 2376 264.
717 2333 894 2371 Debebat
917 2336 1040 2371 civem
1065 2337 1175 2372 suum
1198 2337 1353 2385 Gedoy-

717 2403 812 2425 num
871 2391 975 2440 sequi
1034 2393 1158 2428 bonus
1217 2393 1353 2428 rhetor

78 2442 542 2494 flentum—respicimus.
560 2447 660 2483 Cum
718 2447 878 2496 Capper.
937 2447 999 2482 Est
1042 2459 1168 2484 autem
1200 2449 1352 2497 elegans

31 2499 184 2538 videam
206 2501 402 2550 infigniter
424 2501 660 2538 hallucinan·
715 2503 836 2538 nostri
864 2503 908 2538 in
938 2504 1125 2541 brevitate
1154 2505 1233 2554 ipsa
1270 2506 1351 2543 evi-

32 2565 110 2591 tem
120 2557 291 2619 Capper.
332 2558 399 2604 qui
428 2557 491 2593 hic
522 2556 661 2607 figuras
717 2559 857 2595 dentia.

33 2611 219 2647 orationis
270 2614 437 2660 agnoscit
489 2624 527 2649 et
575 2615 661 2663 qui-

33 2665 122 2703 dem
159 2666 421 2712 ὄμοιοτέλευτσν
467 2670 577 2706 fimul
626 2681 663 2706 et
772 2671 971 2707 variandas
983 2671 1145 2722 figuras.
1182 2673 1228 2710 cf.
1249 2679 1286 2718 4,
1310 2685 1350 2716 2,

33 2720 270 2767 ὅμοιὸπτωτον
284 2725 531 2761 defluentium
544 2726 662 2763 trium
724 2741 740 2763 1
754 2742 768 2763 ι
779 2734 817 2772 8.
