1586 2990
320 176 481 234 ιΝεΤ.
519 174 796 222 ORATOR.
828 173 952 220 mn.
984 172 1074 230 1x‚
1113 169 1170 223 ι.··
1304 179 1403 231 375

81 304 182 356 bus
215 313 516 370 excerpunt.
619 301 814 367 Neque
847 300 991 349 enim
1029 315 1148 366 pars
1177 298 1288 348 ulla
1322 298 1405 348 di-

81 381 236 431 cendi
256 379 357 439 est,
397 396 533 445 quae
567 395 680 429 non
699 379 1036 445 recipereeas
1057 375 1218 444 poffit.
1298 375 1403 428 Sed

79 449 228 508 aliud
258 457 331 506 est
364 457 641 506 admittere
659 454 930 527 figuram,
987 453 1134 504 aliud.
1148 453 1402 526 figuram

77 533 192 584 effe.
270 536 466 600 Neque
517 534 660 583 enim
701 532 926 582 verebor
954 531 1290 598 explicandae
1320 532 1400 581 rei

80 613 243 678 gratia
273 610 692 678 frequentiorem
725 609 965 672 ejusdem
996 610 1229 660 nominis
1249 625 1401 675 repe-

78 690 337 738 titionem.
434 693 606 758 Quare
653 686 855 737 dabunt
894 686 1031 735 mihi
1069 687 1298 753 aliquam
1337 686 1397 736 in
1412 704 1466 744 25

77 761 351 837 irascente,
427 766 754 830 deprecante,
836 759 1108 836 miserante
1160 762 1402 832 figuram,

77 840 214 892 scio:
264 841 353 891 sed
393 859 505 891 non
533 841 656 892 ideo
691 838 868 914 irasci,
920 837 1173 912 misereri,
1221 841 1404 906 depre-
1476 886 1478 888 ,

77 922 213 977 cari,
251 917 418 985 figura
440 919 554 968 erit.
633 920 820 969 Cicero
842 918 1058 984 quidem
1083 919 1263 968 omnia
1288 934 1404 968 ora-

75 996 240 1045 tionis
271 996 476 1046 lumina
507 997 565 1044 in
595 995 740 1044 hunc
770 996 952 1044 locum
987 997 1252 1061 congerit,
1289 1011 1402 1043 me-

76 1071 220 1122 diam
258 1072 541 1136 quandam-
562 1074 584 1134 (
596 1082 656 1121 ut
679 1071 938 1136 arbitror)
975 1070 1183 1121 secutus
1227 1072 1398 1122 viam:

74 1158 138 1198 ut
180 1165 355 1214 neque
395 1149 566 1198 omnis
613 1147 785 1197 fermo
812 1144 1028 1219 schema
1058 1147 1399 1211 iudicaretur,

71 1241 247 1289 neque
282 1242 340 1274 ea
359 1223 491 1284 sola,
535 1242 669 1291 quae
698 1225 952 1275 haberent
970 1226 1202 1292 aliquam
1223 1242 1398 1276 remo-

73 1312 182 1351 tam
224 1302 287 1350 ab
329 1301 430 1352 usu
467 1303 741 1353 communi
773 1301 1070 1354 fictionem:
1133 1301 1224 1354 sed
1263 1319 1398 1369 quae

75 1375 236 1425 effent
260 1377 548 1436 clariffima‚
590 1389 642 1427 et
663 1378 729 1428 ad
744 1379 1073 1429 movendum
1098 1371 1399 1430 auditorem

74 1454 312 1503 valerent
358 1455 684 1520 plurimum:
752 1473 912 1520 quem
965 1455 1176 1509 duobus
1224 1457 1288 1506 ab
1333 1473 1399 1507 eo

76 1529 228 1580 libris
251 1541 524 1580 tractatum
547 1532 728 1581 locum
750 1532 816 1581 ad
839 1533 1044 1581 literam
1068 1532 1291 1596 subjeci,
1329 1548 1400 1582 ne

75 1604 376 1655 fraudarem
419 1608 649 1673 legentes
682 1608 890 1669 judicio
912 1611 1132 1658 maximi
1155 1611 1398 1660 auctoris-

74 1683 138 1731 In
156 1685 311 1733 tertio
339 1683 405 1732 de
429 1685 651 1735 Oratore
673 1686 745 1734 ita
763 1684 1016 1751 scriptum
1038 1685 1136 1737 est:
1177 1690 1244 1736 In
1271 1703 1393 1753 per·
1410 1690 1462 1731 26

68 1770 242 1824 petua„
276 1771 447 1810 autem
486 1765 740 1821 oratione,
803 1780 915 1812 cum
958 1774 1008 1813 ec
1044 1754 1402 1828 conjunctionis

71 1835 354 1897 lenitatem,
404 1850 454 1889 ec
483 1857 833 1901 numerorum,
882 1858 1038 1908 quam
1063 1841 1176 1893 dixi
1186 1878 1201 1903 2
1242 1843 1402 1893 ratio-

105 2033 113 2038 ,
157 2002 362 2041 excerpant.
397 1992 524 2030 Guelf.
560 2003 787 2043 exceperunt.

159 2055 222 2092 25.
261 2062 377 2096 neque
413 2063 508 2085 omn.
529 2069 584 2076 —-
602 2064 717 2100 neque
745 2050 901 2087 e.1ta
931 2048 1065 2088 Turic·
1105 2048 1234 2088 Guelf.
1264 2050 1399 2103 Campi

71 2101 235 2152 Reliqui
271 2118 335 2139 nec
384 2119 419 2141 0.
456 2123 513 2132 —-
548 2120 611 2141 nec
653 2121 684 2142 e.
734 2106 781 2142 cf.
815 2112 1069 2153 5,11,23

155 2169 346 2196 remotam.
389 2162 522 2197 Turic-
545 2162 705 2201 omittit.

158 2217 224 2255 26.
273 2217 473 2257 lenitatem.
539 2218 671 2254 Tutin.
723 2219 775 2265 (a
812 2231 870 2268 pr.
901 2216 1047 2268 manu)
1085 2217 1273 2260 levitatem
1307 2231 1397 2256 cum

133 2342 196 2386 24.
228 2341 478 2389 explicandae.
507 2341 654 2386 cf.8,6,
670 2349 709 2388 8.
765 2348 849 2380 τοι-ὁ
880 2355 917 2380 et
949 2344 1125 2383 Oratore.
1179 2345 1226 2382 ef.
1262 2348 1296 2392 §.
1329 2343 1395 2388 56.

133 2436 199 2473 25.
241 2428 448 2478 fictionem.
501 2426 708 2476 ,,Πλασμα
763 2401 903 2436 Noster
931 2402 1090 2450 quidem
1122 2402 1232 2439 locus
1254 2400 1402 2450 incipit

76 2485 148 2528 „id
198 2485 248 2521 est
287 2487 476 2536 quandam
520 2488 706 2524 mationis

72 2542 490 2583 ..conformationemf‘
542 2544 702 2592 Capper.

73 2598 258 2634 Defideio
290 2609 415 2635 tamen
434 2598 564 2635 locum
584 2600 703 2650 gemi-

74 2665 180 2690 num.

763 2469 784 2490 a
812 2455 907 2492 libri
936 2467 960 2501 5
986 2458 1108 2507 capite
1134 2466 1184 2502 52
1208 2469 1393 2494 extremo.

746 2513 880 2548 Recte
918 2524 1046 2550 autem
1085 2514 1272 2564 exemplis
1306 2514 1394 2549 affe-

759 2568 888 2604 rendis
928 2570 974 2604 ad
1005 2583 1205 2620 praecepta
1242 2571 1395 2607 Cicero-

759 2625 873 2660 niana
932 2626 1140 2675 supersedit
1197 2627 1395 2667 Gesnerms

762 2694 859 2731 quae
891 2681 1024 2720 sedulo
1046 2683 1280 2741 congefl'erat
1301 2683 1396 2736 Cap-

128 2730 337 2767 duobus—
354 2731 469 2768 libris.
524 2733 586 2770 De
608 2732 703 2771 Ora·
759 2749 841 2786 per.
