1586 2990
135 262 139 268 .
217 197 380 245 INST.
428 193 704 242 ORATOR.
747 191 869 237 LIB.
915 190 1056 247 VIII,
1092 203 1134 235 2.
1242 201 1338 247 205

19 269 156 378 Na'in
187 324 443 390 Virgilius
473 322 569 370 illo
610 320 755 377 loco,
797 334 903 384 quo
941 317 1156 383 pullum
1192 317 1343 383 equi-

0 408 149 457 num
171 400 442 458 describit,
479 414 602 447 cum
620 393 846 454 dixisset,

149 525 243 567 Nec
273 538 409 581 vanos
431 524 572 565 horret
576 519 812 584 strepitus.
847 544 915 552 —-
946 539 1014 549 —-

18 637 383 704 compluribus
421 633 627 684 insertis
678 634 778 682 alia
817 631 983 699 figura
1026 633 1213 699 quinto
1254 631 1345 683 de-

18 731 169 766 mum
190 712 346 764 versu
365 711 527 770 redit,

82 861 153 871 ——
173 861 237 870 -
276 838 402 884 Tum,
417 835 466 896 fi
489 849 573 891 qna
581 829 739 896 sonum
758 835 904 891 procul
935 849 1057 877 arma
1087 833 1246 882 dedere,

84 907 210 949 Stare
237 906 330 947 loco
359 897 508 966 nescit.
543 924 610 934 —-
643 927 710 937 —

17 1027 240 1078 'Vitanda
273 1029 330 1078 in
362 1028 547 1094 primis
578 1027 916 1092 ambiguitas,
962 1044 1074 1076 non
1107 1026 1235 1075 haec
1265 1024 1347 1075 so·
1367 1030 1427 1068 ιθ

0 1105 135 1155 {lum
149 1142 163 1164 ,
203 1104 269 1154 de
290 1108 440 1166 cujus
462 1120 652 1170 genere
675 1103 832 1170 supra
860 1104 1064 1152 dictum
1084 1101 1182 1160 est,
1215 1120 1352 1168 quae

0 1182 282 1232 *incertum
319 1182 648 1232 intellectum
688 1180 836 1240 facit;
894 1190 982 1238 ut,
1037 1179 1353 1230 Chremetem

0 1251 530 1332 -audivt’percuffiffe
549 1259 834 1307 Demeam.-
876 1257 966 1307 sed
996 1258 1088 1307 illa
1116 1274 1353 1324 quoque,

0 1352 184 1401 quae,
227 1333 421 1384 etiamsi
443 1335 654 1384 turbare
677 1353 789 1386 non
824 1334 992 1402 potest
1022 1333 1255 1392 sensum,
1292 1335 1353 1383 in

0 1445 2 1448 -
24 1411 168 1461 idem
187 1421 365 1460 tamen
389 1412 676 1461 verborum
703 1413 897 1461 vitium
921 1412 1138 1461 incidit:
1183 1422 1244 1460 ut
1259 1449 1273 1469 ‚
1316 1409 1354 1459 fi

27 1489 148 1552 quis
179 1487 342 1546 dicat,
386 1483 556 1559 vzsum
582 1484 704 1560 ase
737 1488 982 1539 hominem
1015 1487 1198 1537 librum
1215 1484 1355 1560 scri-

28 1561 235 1612 bentem.
327 1565 496 1623 Nam,
547 1564 746 1614 etiamsi
790 1565 993 1615 librum
1032 1566 1094 1614 ab
1133 1565 1356 1615 homine

3 1639 184 1690 sscribi
210 1650 374 1707 patet,
419 1641 555 1690 male
585 1651 759 1691 tamen
793 1641 1172 1709 composuerit,
1220 1640 1358 1690 fece-

26 1718 202 1781 ritque
225 1718 532 1783 ambiguum
546 1755 560 1776 ‚
600 1729 855 1783 quantum
877 1721 935 1768 in
958 1718 1070 1785 ipso
1089 1718 1207 1769 fuit.
1269 1717 1356 1768 Est
1374 1734 1423 1786 ¹⁷.

25 1794 184 1843 etiam
202 1794 262 1844 in
283 1794 601 1861 quibusdam
613 1796 766 1863 turba
785 1797 1028 1847 inanium
1046 1796 1356 1856 verborum,

107 1952 227 1994 redit,
271 1951 376 1991 Tum.
435 1954 567 1990 Turic.
599 1953 703 1991 Flor.
733 1955 928 1992 redditum.
958 1969 978 1991 a
1006 1955 1075 1992 sec.
1101 1968 1220 1991 manu
1250 1967 1356 1992 uter·

26 2021 103 2059 que
132 2009 297 2044 redditur
337 2019 375 2045 et
413 2011 461 2045 fic
490 2009 616 2047 Guelf.
659 2012 759 2055 (nifi
799 2012 906 2060 quod
937 2011 1103 2060 simplici
1133 2013 1183 2058 d)
1222 2013 1357 2061 Camp.

26 2077 118 2102 cum
136 2064 263 2100 Goth.¹
284 2065 389 2101 Vols.
412 2076 448 2101 2.
671 2069 812 2103 dedere.
872 2067 1004 2104 Turic.
1037 2069 1065 2101 F
1068 2066 1140 2104 lor.
1164 2068 1357 2105 dederunt.

116 2120 179 2156 16.
216 2124 333 2170 pacet.
380 2121 442 2158 Sic
462 2122 592 2158 Turic.
625 2122 751 2159 Guelf.
782 2122 900 2159 Goth.
932 2125 1031 2168 (tac.
1055 2123 1191 2170 Gesn.)
1222 2125 1356 2172 Camp-

26 2175 188 2226 Reliqui
203 2184 346 2226 pateat.
567 2178 819 2228 composuerit,
846 2178 1061 2229 feceritque.
1121 2180 1184 2214 Sic
1221 2180 1356 2216 Turio.

28 2231 131 2270 flor.
159 2233 208 2278 (ι
230 2245 288 2282 pr.
318 2245 436 2269 manu
453 2238 642 2284 uterque)
670 2249 758 2271 cnm
786 2234 887 2270 Alm.
919 2245 957 2270 et
976 2234 1150 2272 Ambros.
1185 2249 1219 2273 ι.
1250 2235 1356 2272 Reli-

30 2287 103 2336 qui
121 2287 374 2338 composuerat
394 2289 619 2341 feceratque.

29 2458 35 2465 ι
81 2410 161 2447 Nec
195 2424 320 2448 venor
339 2414 472 2450 horret.
519 2416 663 2466 Georg.
718 2416 797 2452 alia
815 2415 948 2465 figura
982 2416 1093 2454 traho
1128 2415 1175 2452 ad
1202 2414 1358 2466 iaegsertis,

32 2474 72 2513 5,
98 2476 149 2514 79
169 2487 224 2495 ——
241 2475 306 2514 83.
334 2470 382 2506 cs.
401 2472 435 2509 J.
446 2472 496 2508 H.
510 2472 664 2511 Voffius
718 2487 799 2510 non
819 2473 866 2508 ad
886 2473 1004 2512 redit,·
1034 2484 1072 2510 et
1094 2473 1264 2522 figuram
1297 2473 1357 2509 in·

30 2521 74 2558 in
107 2524 416 2568 Commentario,
446 2527 514 2576 qui
547 2528 660 2566 docet
717 2541 908 2580 terpretor
930 2531 1055 2567 casum
1074 2529 1306 2566 declinandi.

33 2577 197 2620 diversas
244 2581 310 2616 hic
357 2593 492 2619 aetates
510 2610 520 2624 ,
571 2597 659 2620 cum

32 2635 141 2684 prius
162 2635 338 2686 pullum,
366 2650 460 2673 mox
477 2638 662 2677 bellicum
779 2642 842 2678 16.
885 2641 1003 2692 supra
1030 2643 1179 2678 dictum.
1242 2651 1290 2687 7,
1320 2652 1360 2690 9,

33 2704 177 2740 equum
197 2694 380 2730 describat
404 2705 528 2744 poeta.
583 2698 662 2733 Ne·
726 2711 789 2735 ιο.
858 2699 1017 2735 Nomen
1054 2699 1256 2736 Chremetis
1293 2711 1359 2736 va-

35 2757 110 2797 quo
135 2749 229 2787 inest
265 2750 389 2799 igitur
420 2751 663 2800 parenthesis.
699 2755 837 2798 ,riavit
857 2767 930 2804 pro
949 2755 1138 2795 Lachetis.
