1586 2990
270 210 434 258 INST.
480 207 756 255 ORATOR.
801 207 920 253 Lm.
969 205 1086 262 vn,
1129 219 1169 250 1.
1318 212 1382 263 41

61 340 264 396 inenta,
305 335 470 388 Filius
492 345 543 384 et
561 330 764 404 infans,
801 343 852 382 et
882 349 1047 402 aeger
1077 349 1177 381 non
1210 326 1389 404 affuit,

64 429 116 466 et
134 419 222 482 qui
243 412 451 471 aberat,
485 422 535 460 et
558 414 646 477 qui
668 408 940 467 militabat,
979 420 1030 458 et
1051 412 1140 475 qui
1171 411 1222 457 in
1242 409 1325 479 leo
1299 427 1391 457 σα-

66 497 200 544 tione
222 501 348 541 erat.
427 493 536 544 Jam
567 489 804 538 multum
834 488 933 536 acti
969 485 1067 535 est:
1102 483 1267 553 poffet
1301 487 1395 534 ali-,-

68 571 188 636 quis
226 585 338 618 non
386 562 616 624 affuisse,
669 575 720 614 et
761 565 910 614 heres
953 561 1064 631 effe.
1145 566 1458 620 Transeat52

68 662 214 697 nunc
229 643 515 700 idemffle,
554 643 651 708 qui
685 641 961 708 cogitavit,
1003 651 1067 690 ut
1096 641 1167 689 ait
1190 640 1395 698 Cicero,

69 722 300 772 tibicinis
330 721 507 770 Latini
548 718 714 768 modo
748 718 812 767 ad
844 716 1122 767 disertum:
1188 717 1267 769 Uc
1293 712 1397 786 ista

69 799 364 850 concedam.-
405 807 463 846 tu
484 814 574 845 nec
595 793 772 867 infans
794 813 871 854 es,
908 812 999 845 nec
1024 790 1272 865 abfuisti,
1309 809 1400 843 nec

75 897 78 903 ἡ
114 911 122 929 '⁴
142 922 273 958 'Filius
291 940 345 949 -—-
367 919 434 970 aff.
492 916 972 966 T1u·ic.Guelf.f.onim
992 913 1042 964 est
1061 925 1098 952 et
1122 930 1157 953 a.
1188 929 1276 952 eum
1297 916 1400 954 Alm.

31 1027 35 1029 ‘
74 972 144 1014 'nifi
167 977 273 1026 quod
292 977 385 1012 huic
405 975 593 1012 tribuitur
617 987 691 1010 non
711 975 813 1009 inter
835 982 871 1008 et
891 983 1005 1020 atque
1027 987 1062 1008 a.
1111 970 1192 1019 (cf.
1215 980 1279 1017 38.
1303 979 1368 1016 53,
1385 975 1404 1017 )

66 1033 103 1082 f.
125 1046 264 1081 eger-n.
293 1047 329 1069 a
358 1033 488 1094 ΟειιῐιΡ.
519 1043 607 1066 eum
626 1029 745 1066 Goth.
769 1038 805 1064 et
827 1031 851 1064 i.
864 1027 910 1076 f.
932 1026 981 1076 esc
1005 1037 1041 1064 et
1069 1042 1104 1063 n.
1127 1042 1162 1063 a.
1190 1028 1288 1066 Jens
1314 1041 1405 1065 cum

31 1127 46 1135 ἐ
74 1088 159 1127 edd
178 1092 263 1127 ante
283 1087 371 1125 ΑΜ.
395 1088 466 1136 qui
486 1095 523 1123 ec
541 1100 650 1134 aeger
663 1084 698 1133 f.
726 1082 775 1135 est
794 1098 823 1121 e.
847 1099 882 1119 n.
901 1099 934 1119 α.
993 1084 1085 1120 Bad.
1110 1082 1146 1132 f.
1169 1083 1236 1132 inf.
1266 1092 1303 1119 et
1321 1097 1404 1134 aeg.

56 1158 109 1180 ῆι.
141 1159 176 1181 a.
218 1157 307 1183 cum
336 1142 511 1192 reliquis.
570 1143 655 1179 Nos
687 1150 724 1176 et
748 1141 983 1176 nxseiliimus
1014 1139 1098 1189 post
1117 1139 1180 1187 fil.

153 1209 191 1236 et
210 1203 272 1250 qui
291 1200 351 1236 ab.
407 1199 537 1235 Turio.
571 1196 620 1246 (a
639 1211 697 1247 pr.
719 1199 863 1241 manu)
904 1205 945 1232 ut
963 1211 996 1247 q.
1015 1211 1050 1233 a.
1081 1209 1170 1231 cum
1190 1195 1291 1234 Alm.

157 1264 223 1301 5¹·
273 1256 336 1293 tib.
357 1255 448 1292 Lat.
506 1255 637 1292 Turie.
661 1254 802 1289 tibicini
819 1254 869 1288 L.
897 1267 987 1289 cum
1007 1254 1106 1291 Jens.
1137 1251 1157 1300 (
1170 1263 1238 1289 tac.
1264 1254 1373 1291 Gesn.
1386 1255 1409 1300 )

80 1327 102 1350 a
118 1314 191 1350 f-ec
212 1326 330 1351 manu
363 1311 504 1348 tibicini
524 1312 667 1348 Latino
691 1323 780 1345 eum
802 1309 929 1345 Guelf.
959 1308 1075 1347 Bodl.
1104 1308 1185 1345 Bal.

166 1367 232 1417 inf.
267 1382 324 1409 es,
351 1382 416 1403 nec
449 1383 483 1403 a.
514 1382 579 1402 nec
611 1367 686 1402 mil.
727 1367 839 1402 Num.

900 1367 956 1401 Ita
989 1364 1112 1402 Codd.
1143 1365 1222 1401 mei
1254 1343 1291 1402 eit
1320 1367 1408 1405 edd.

75 1437 162 1462 ante
178 1425 271 1461 Bad.
301 1437 390 1461 cum
410 1423 511 1459 Alm.
541 1423 791 1459 Recentiores
821 1422 995 1458 inserunt
1025 1422 1111 1470 post
1141 1435 1178 1456 os
1198 1421 1312 1458 haec:
1346 1437 1410 1459 neo

50 1476 187 1530 ⁸aeger
205 1493 319 1521 eras,
346 1480 431 1533 post
452 1479 528 1514 mil.
559 1490 686 1516 autem
705 1493 769 1515 nec
802 1481 840 1514 in
873 1478 1061 1526 legatione
1081 1475 1201 1526 fuisti.
1230 1479 1323 1515 Bad.
1356 1491 1411 1518 ta-

77 1549 167 1572 men
187 1536 337 1572 nonnisi
359 1549 405 1584 px
407 1536 467 1571 ius
491 1535 646 1570 limum

81 1605 171 1628 cum
199 1591 302 1628 Alm.
333 1589 474 1639 affuisti
510 1591 637 1629 Guelf,
677 1591 808 1639 Camp.
847 1590 964 1626 Goth.

869 1531 1029 1581 abfuisti.
1089 1533 1413 1583 Tu1·ic.adfuifii

1002 1591 1100 1628 Jens.
1140 1591 1238 1637 (tac
1269 1590 1414 1642 Gesn.)

79 1648 195 1686 Tarv.
254 1648 434 1685 Correxit
464 1647 623 1696 Regius.
682 1646 756 1682 Sed
783 1646 923 1683 habuit
949 1647 1028 1693 jam
1059 1645 1159 1685 Vall.

170 1746 234 1783 50.
273 1739 359 1774 acci.
395 1738 489 1775 Non
511 1748 590 1773 erat
611 1735 720 1785 quod

40 1794 46 1797 '¹
84 1795 270 1832 Gesnerns
287 1793 419 1829 mallet
446 1804 578 1829 actum.
636 1792 719 1829 vid.

84 1860 166 1888 n0t.
186 1851 272 1886 crit.
299 1850 347 1885 ad
371 1855 415 1894 4,
448 1861 496 1891 2,
528 1861 592 1885 21.

142 1904 261 1956 poffet
282 1907 429 1956 uliquis.
467 1907 560 1942 Non
583 1905 721 1942 dubito

89 1963 187 2012 quin
197 1961 464 2011 reponendum
476 1963 519 1997 fit
536 1959 654 2010 potest
675 1976 723 2001 a„

777 1749 889 1784 „qua

777 1819 803 1834 „
814 1792 1006 1828 actionem
1026 1793 1300 1830 moderabatur
1310 1822 1320 1836 ‚
1351 1796 1417 1831 ad-

778 1862 964 1897 ,‚eoque,
1004 1860 1049 1886 ut
1086 1851 1202 1886 ICtus
1239 1851 1284 1886 ab
1317 1852 1417 1900 peti-

778 1916 902 1945 „tore
923 1905 970 1940 ad
999 1919 1110 1947 eum,
1139 1907 1241 1942 unde
1262 1909 1418 1955 peteba-

781 1986 805 2000 ‚,
819 1972 906 2002 tur,
949 1963 996 1998 fic
1031 1962 1077 1998 ab
1108 1976 1188 1998 uno
1231 1963 1419 2000 histrione

965 1736 1111 1773 tibicen
1182 1736 1417 1775 histrionum

88 2031 216 2067 neque
246 2019 349 2054 enim
380 2017 516 2054 sufficit
535 2018 727 2054 Obrechti
784 2018 869 2057 „ad

91 2070 257 2112 m'utatio
278 2071 391 2123 posfit
408 2087 444 2110 a.
473 2073 520 2110 cf.
545 2073 584 2114 6,
605 2082 643 2117 3,
664 2082 726 2109 12.

915 2017 1079 2053 alterum
1129 2019 1164 2054 se
1219 2031 1421 2056 converte-

784 2098 810 2113 „
822 2070 919 2114 bat,'
936 2084 972 2109 et
996 2087 1315 2123 unumquemque
1336 2089 1423 2111 can-

785 2139 866 2167 „tu
896 2129 1013 2164 tibiae
1042 2129 1212 2176 juvabat.
1229 2135 1254 2150 “
1312 2131 1425 2166 Idem

787 2183 832 2218 ad
854 2183 984 2219 locum
998 2185 1146 2233 ipsum:
1168 2212 1192 2230 ²,
1207 2187 1333 2234 Quam
1345 2189 1423 2223 La-

784 2241 917 2279 „tinus
954 2241 1097 2277 tibicen
1124 2241 1294 2284 dicatur,
1322 2254 1428 2292 patet

787 2309 844 2336 „e
865 2295 954 2331 Liv.
987 2304 1033 2345 9ss
1067 2306 1132 2340 50.
1163 2299 1314 2347 Nempe
1347 2302 1426 2335 Ro-

787 2351 931 2392 „mani
968 2353 1072 2389 cives
1097 2353 1199 2389 nulli
1230 2356 1426 2398 tibicines,

788 2433 812 2448 ,‚
826 2408 886 2442 [ed
907 2421 925 2443 e
946 2409 1096 2444 Latinis
1110 2435 1120 2449 ,
1145 2421 1188 2445 ut
1209 2410 1427 2459 haruspices

789 2489 813 2503 ‚‚
829 2476 961 2500 omnes
994 2477 1041 2499 ex
1075 2466 1284 2503 Hetruscis.
1300 2472 1324 2487 ‘⁶
1379 2467 1427 2505 cf.

793 2531 830 2556 et
852 2520 1024 2556 nostrum
1048 2528 1068 2564 5
1083 2547 1094 2561 ,
1135 2536 1181 2557 11
1198 2549 1209 2562 ,
1243 2536 1278 2570 9.

848 2590 914 2612 nec
935 2576 1123 2624 insans—
1138 2576 1312 2627 militasti.
1343 2580 1430 2614 Sin-

794 2631 883 2681 gula
905 2633 1063 2679 quidem
1076 2659 1087 2674 ,
1115 2646 1212 2682 quae
1231 2635 1340 2683 prius
1360 2649 1431 2684 po-

794 2689 935 2729 suerat,
966 2701 1048 2726 non
1069 2689 1136 2726 hic
1157 2690 1331 2733 sustulit,
1362 2703 1433 2728 nec

796 2756 895 2795 opus
918 2755 1006 2782 erat.

88 2220 91 2222 ,
114 2225 118 2227 ,
153 2191 215 2228 5¹·
241 2192 282 2220 ut
300 2185 356 2219 ait
378 2185 516 2221 Cicero.
544 2185 620 2218 Pro
640 2184 729 2219 Mu·

94 2254 175 2277 ren.
217 2253 248 2276 c.
285 2249 348 2278 12.
399 2239 594 2281 „Transit
624 2239 730 2274 idem

95 2323 119 2340 ,‚
132 2297 245 2333 Ictus
265 2296 423 2331 tibicinis
443 2297 552 2330 latini
572 2296 694 2331 modo.
708 2301 731 2316 ‘⁶

96 2353 157 2394 Ad
189 2366 284 2400 quae
316 2353 495 2388 Ernestns
523 2352 566 2387 in
596 2350 727 2387 Clavi:
757 2383 759 2386 .

99 2408 254 2449 „sensus
285 2408 354 2444 est:
396 2410 501 2443 Ictus
529 2407 732 2456 componit

99 2476 215 2506 „non
242 2463 364 2500 modo
395 2463 628 2504 formulam,
655 2477 730 2510 qua

99 2519 281 2568 „petitor
316 2530 467 2560 utatur,
513 2519 575 2555 sed
617 2520 732 2555 etiam

100 2575 197 2616 „ei‚
228 2588 247 2609 a
271 2588 349 2622 quo
369 2575 538 2624 petitur(
557 2592 611 2602 -
644 2574 735 2613 Val-

101 2631 186 2672 „de
223 2630 442 2666 verifimilis
476 2632 632 2668 Graevii
681 2651 737 2660 --

101 2711 126 2727 ‚,
140 2686 342 2727 sententia,
373 2687 442 2734 qui
466 2687 616 2723 ductam
639 2688 738 2723 hanc

103 2742 328 2787 „wionem
358 2756 377 2781 e
404 2743 508 2781 scena
540 2743 656 2785 dicit,
696 2744 739 2780 iu
