1586 2990
259 246 351 292 532
547 234 623 282 Μ.
666 236 798 302 ΕΑΒ.
843 235 1246 297 QUINTHJANI

191 379 239 416 41
254 362 453 426 tentius.-
527 361 670 433 Quas
692 377 801 407 cum
827 370 881 407 tu
900 363 1109 424 optime,
1126 363 1324 420 ,Brute,
1363 351 1548 420 teneas,

251 437 378 500 quid
393 438 570 483 attinet
586 433 857 484 nominibus
878 439 975 494 uti,
1018 447 1109 484 aut
1129 437 1398 501 exemplis?
1437 449 1549 486 tan-
1570 466 1583 476 x

253 512 503 559 tummodo
539 513 737 558 notetur
773 511 919 559 locus.
999 513 1082 560 Sic
1108 514 1269 580 igitur
1299 513 1547 570 dicet-ille,

252 604 399 650 quem
419 588 719 648 expetimus,
758 596 813 634 ut
839 582 1010 657 verset
1023 583 1190 658 saepe
1208 587 1374 637 multis
1394 589 1548 645 modis

253 661 460 708 eandem
497 670 547 708 et
587 678 736 710 unam
773 679 876 710 rem
891 699 906 719 ,
961 673 1009 712 et
1048 661 1255 712 haereat
1295 665 1346 711 in
1376 663 1549 713 eadem

190 762 239 798 42
252 747 675 801 commoreturque
682 733 949 808 sententia.
1030 740 1195 802 Saepe
1218 741 1368 788 etiam
1387 747 1444 785 ut
1463 749 1551 788 exi.

250 822 418 859 tenuet
453 812 671 876 aliquid:
705 809 872 883 saepe
911 824 966 861 ut
991 815 1228 862 irrideat:
1262 825 1318 862 ut
1341 812 1550 871 declinet:
1567 838 1579 874 1·

250 905 283 934 a
311 885 597 957 proposito,
634 887 965 954 deflectatque
985 885 1315 960 sententiam.-
1354 897 1410 936 ut
1428 885 1563 951 prof?

246 974 429 1025 ponat,
470 965 594 1026 quid
622 964 843 1013 dicturus
856 962 959 1035 fit.-
986 976 1070 1023 ut,
1108 982 1218 1015 cum
1242 963 1548 1031 transegerit

242 1036 354 1101 jam
389 1039 608 1102 aliquid,
659 1038 893 1108 definiat:
933 1051 988 1088 ut
993 1037 1062 1111 se
1091 1037 1198 1111 ipse
1215 1049 1416 1090 revocet
1427 1055 1450 1085 .·,
1479 1046 1550 1094 ut,

250 1115 388 1176 quod
428 1115 582 1171 dixit,
649 1118 818 1162 iteret.-
879 1127 935 1163 ut
972 1126 1326 1183 argumentum
1356 1115 1550 1169 ration&

253 1189 536 1236 concludat.-
575 1199 630 1236 ut
656 1191 1016 1258 interrogando
1038 1201 1256 1258 urgeat.-
1295 1182 1549 1256 utrursus
1576 1213 1582 1220 ·

252 1261 398 1332 quasi
432 1265 502 1311 ad
529 1267 848 1332 interrogata
864 1262 968 1334 fibi
995 1262 1102 1335 ipse
1131 1261 1454 1335 respondeat:
1492 1269 1549 1306 uc

188 1352 237 1390 45
253 1348 426 1385 contra
448 1354 518 1385 ‘ac
550 1339 708 1395 dicat,
746 1343 904 1402 accipi
930 1350 980 1386 et
993 1337 1179 1409 sentiri
1196 1339 1349 1388 vetit.-
1384 1347 1440 1384 ut
1459 1334 1551 1382 ad-

251 1411 465 1470 dubitet,
507 1415 630 1477 quid
653 1417 848 1476 potius,
887 1425 978 1462 aut
1011 1432 1110 1477 quo
1130 1414 1274 1462 modo
1295 1413 1457 1460 dicat:
1495 1418 1570 1456 ut*

251 1490 451 1536 dividat
489 1492 538 1536 in
572 1499 774 1552 partes.-
836 1499 891 1537 ut
928 1488 1125 1554 aliquid
1160 1488 1438 1553 relinquat,
1491 1500 1552 1532 ac

251 1565 514 1633 negligat:
553 1574 609 1611 ut
641 1575 757 1612 ante
783 1569 1130 1628 praemuniat:
1167 1574 1224 1612 ut
1255 1567 1305 1611 in
1337 1580 1394 1611 eo
1426 1555 1567 1631 ipsos

254 1642 303 1686 in
348 1657 445 1703 quo
489 1639 912 1707 reprehendatur,
970 1640 1171 1704 culpam
1214 1642 1264 1687 in
1305 1631 1551 1706 adversa·

253 1718 381 1762 rium
407 1712 667 1783 conserat.-
706 1726 762 1763 ut
769 1712 936 1785 saepe
961 1734 1069 1763 cum
1093 1718 1177 1772 iis,
1214 1717 1302 1779 qui
1325 1710 1551 1766 audiunt,

251 1797 600 1854 nonnunquam
638 1793 788 1837 etiam
825 1809 935 1838 cum
968 1787 1268 1860 adversario
1299 1784 1444 1857 quasi
1464 1787 1550 1832 de-

190 1863 452 1917 44lil²e1·et.·
503 1875 558 1912 ut
586 1860 849 1913 'hominum
892 1883 1053 1914 mores
1070 1862 1429 1935 sermonesque
1464 1862 1552 1915 de-⁸

237 1936 464 2010 scribat.-
502 1951 558 1987 ut
593 1950 734 1987 muta
766 1942 1015 2004 quaedam
1049 1941 1301 2004 loquentia
1322 1938 1549 1985 inducat.-

250 2027 306 2062 ut
335 2013 398 2062 ab
427 2032 511 2071 eo,
554 2016 691 2078 quod
718 2018 925 2082 agitur,
984 2025 1190 2065 avertat
1223 2016 1441 2062 animos:
1494 2019 1552 2066 ut·

235 2087 403 2160 saepe
444 2093 494 2137 in
541 2089 846 2138 hilaritatem
890 2086 1112 2161 risumve
1145 2098 1437 2139 convertat:
1478 2082 1548 2132 'ut

247 2176 364 2213 ante
400 2176 629 2226 occupet,
666 2167 805 2229 quod
824 2167 1000 2214 videat
1019 2169 1233 2229 opponi:
1271 2175 1327 2212 ut
1347 2178 1582 2226 compa-7·

249 2252 326 2288 ret
337 2238 714 2311 similitudines:
753 2251 808 2288 ut
829 2251 1003 2289 utatur
1024 2241 1293 2305 exemplis:
1327 2249 1388 2286 >ut
1408 2235 1568 2286 aliud*

246 2317 337 2364 alii
391 2314 610 2364 tribuens
657 2316 977 2379 dispertiat!
1019 2327 1075 2364 ut
1125 2314 1550 2379 interpellatorem¹

246 2396 498 2440 coerceat.-
547 2402 602 2438 ut
634 2391 830 2455 aliquid
862 2394 1068 2441 reticere
1097 2387 1157 2462 se
1189 2393 1347 2439 dicat:
1383 2399 1439 2437 ut
1461 2389 1563 2440 deff

244 2470 465 2524 nunciet,
505 2467 627 2530 quid
646 2477 855 2514 caveat:
898 2478 953 2514 ut
972 2465 1172 2515 liberius
1194 2467 1318 2531 quid
1333 2465 1544 2513 audeat:

246 2553 302 2589 ut
331 2538 583 2612 irascatur
603 2545 782 2589 etiam:
825 2553 880 2589 ut
898 2540 1135 2611 objurget
1153 2541 1452 2605 aliquando.-
1489 2546 1544 2585 ut

244 2619 565 2680 deprecetur:
614 2628 668 2664 ut
687 2614 980 2687 supplicet:
1021 2629 1076 2665 ut
1107 2619 1391 2665 medeatur:
1425 2618 1481 2662 αἱ
1507 2627 1543 2660 a

238 2690 498 2762 proposito
537 2693 746 2739 declinet
776 2692 1171 2756 aliquantulum:
1209 2703 1264 2740 ut
1289 2684 1466 2755 optet-¹*
1488 2695 1542 2734 ut

241 2778 530 2816 execretur:
569 2778 625 2815 ut
631 2766 743 2837 stat
766 2770 849 2826 iis,
880 2769 1025 2831 apud
1048 2768 1348 2837 quos‘dicet,
1373 2762 1542 2831 fami·
