<?xml version="1.0" encoding="UTF-8"?>
<!DOCTYPE html PUBLIC "-//W3C//DTD XHTML 1.0 Transitional//EN"
    "http://www.w3.org/TR/xhtml1/DTD/xhtml1-transitional.dtd">
<html xmlns="http://www.w3.org/1999/xhtml" xml:lang="en" lang="en">
 <head>
  <title>
</title>
<meta http-equiv="Content-Type" content="text/html;charset=utf-8" />
  <meta name='ocr-system' content='tesseract 3.04.00' />
  <meta name='ocr-capabilities' content='ocr_page ocr_carea ocr_par ocr_line ocrx_word'/>
</head>
<body>
  <div class='ocr_page' id='page_1' title='image "./lexiconquintilia03bonnuoft_0354.png"; bbox 0 0 1586 2990; ppageno 0'>
   <div class='ocr_carea' id='block_1_1' title="bbox 214 150 1227 217">
    <p class='ocr_par' dir='ltr' id='par_1_1' title="bbox 214 150 1227 217">
     <span class='ocr_line' id='line_1_1' title="bbox 214 150 1227 217; baseline 0.01 -19"><span class='ocrx_word' id='word_1_1' title='bbox 214 150 313 208; x_wconf 73' lang='lat'><em>356</em></span> <span class='ocrx_word' id='word_1_2' title='bbox 525 152 598 198; x_wconf 86' lang='lat' dir='ltr'><em>M.</em></span> <span class='ocrx_word' id='word_1_3' title='bbox 643 154 774 199; x_wconf 82' lang='lat' dir='ltr'><strong>FAB.</strong></span> <span class='ocrx_word' id='word_1_4' title='bbox 819 156 1227 217; x_wconf 75' lang='lat' dir='ltr'><strong>QUINTILIANI</strong></span> 
     </span>
    </p>
   </div>
   <div class='ocr_carea' id='block_1_2' title="bbox 140 272 1581 1772">
    <p class='ocr_par' dir='ltr' id='par_1_2' title="bbox 149 272 1517 794">
     <span class='ocr_line' id='line_1_2' title="bbox 149 272 1514 350; baseline 0.01 -28"><span class='ocrx_word' id='word_1_5' title='bbox 149 293 199 332; x_wconf 68' lang='lat'><em>48</em></span> <span class='ocrx_word' id='word_1_6' title='bbox 209 272 470 347; x_wconf 82' lang='lat' dir='ltr'><em>perforet,</em></span> <span class='ocrx_word' id='word_1_7' title='bbox 523 279 573 324; x_wconf 88' lang='lat' dir='ltr'><em>in</em></span> <span class='ocrx_word' id='word_1_8' title='bbox 607 295 709 341; x_wconf 81' lang='lat' dir='ltr'><em>qua</em></span> <span class='ocrx_word' id='word_1_9' title='bbox 753 273 860 347; x_wconf 85' lang='lat' dir='ltr'><em>ipse</em></span> <span class='ocrx_word' id='word_1_10' title='bbox 896 283 1123 350; x_wconf 79' lang='lat' dir='ltr'><em>naviget.</em></span> <span class='ocrx_word' id='word_1_11' title='bbox 1196 285 1336 334; x_wconf 85' lang='lat' dir='ltr'><strong>Illud</strong></span> <span class='ocrx_word' id='word_1_12' title='bbox 1374 303 1514 336; x_wconf 90' lang='lat' dir='ltr'><em>com·</em></span> 
     </span>
     <span class='ocr_line' id='line_1_3' title="bbox 211 350 1516 422; baseline 0.009 -23"><span class='ocrx_word' id='word_1_13' title='bbox 211 352 435 400; x_wconf 86' lang='lat' dir='ltr'><em>mixtum</em></span> <span class='ocrx_word' id='word_1_14' title='bbox 482 350 973 415; x_wconf 85' lang='lat' dir='ltr'><em>frequentiffimum:</em></span> <span class='ocrx_word' id='word_1_15' title='bbox 1037 357 1285 422; x_wconf 81' lang='lat' dir='ltr'><em>Equidem</em></span> <span class='ocrx_word' id='word_1_16' title='bbox 1326 373 1516 410; x_wconf 85' lang='lat' dir='ltr'><em>ceteras</em></span> 
     </span>
     <span class='ocr_line' id='line_1_4' title="bbox 210 423 1516 502; baseline 0.008 -28"><span class='ocrx_word' id='word_1_17' title='bbox 210 423 532 494; x_wconf 76' lang='lat' dir='ltr'><em>tempestates</em></span> <span class='ocrx_word' id='word_1_18' title='bbox 553 437 602 473; x_wconf 90' lang='lat' dir='ltr'><em>et</em></span> <span class='ocrx_word' id='word_1_19' title='bbox 617 427 869 490; x_wconf 82' lang='lat' dir='ltr'><em>procellas</em></span> <span class='ocrx_word' id='word_1_20' title='bbox 889 432 939 476; x_wconf 94' lang='lat' dir='ltr'><em>in</em></span> <span class='ocrx_word' id='word_1_21' title='bbox 960 429 1057 479; x_wconf 87' lang='lat' dir='ltr'><em>illis</em></span> <span class='ocrx_word' id='word_1_22' title='bbox 1077 433 1327 484; x_wconf 74' lang='lat' dir='ltr'><em>duntaxat</em></span> <span class='ocrx_word' id='word_1_23' title='bbox 1341 434 1516 502; x_wconf 89' lang='lat' dir='ltr'><em>flucti-</em></span> 
     </span>
     <span class='ocr_line' id='line_1_5' title="bbox 211 497 1517 582; baseline 0.009 -35"><span class='ocrx_word' id='word_1_24' title='bbox 211 499 301 549; x_wconf 81' lang='lat' dir='ltr'><em>bus</em></span> <span class='ocrx_word' id='word_1_25' title='bbox 320 505 605 549; x_wconf 79' lang='lat' dir='ltr'><em>concionum</em></span> <span class='ocrx_word' id='word_1_26' title='bbox 621 497 833 571; x_wconf 81' lang='lat' dir='ltr'><em>semper</em></span> <span class='ocrx_word' id='word_1_27' title='bbox 855 505 1041 554; x_wconf 84' lang='lat' dir='ltr'><em>Miloni</em></span> <span class='ocrx_word' id='word_1_28' title='bbox 1062 512 1250 571; x_wconf 79' lang='lat' dir='ltr'><em>putavi</em></span> <span class='ocrx_word' id='word_1_29' title='bbox 1279 506 1517 582; x_wconf 69' lang='lat' dir='ltr'><em>effesuh-</em></span> 
     </span>
     <span class='ocr_line' id='line_1_6' title="bbox 209 575 1517 649; baseline 0.008 -25"><span class='ocrx_word' id='word_1_30' title='bbox 209 576 413 629; x_wconf 80' lang='lat' dir='ltr'><em>eundas.</em></span> <span class='ocrx_word' id='word_1_31' title='bbox 461 575 576 623; x_wconf 84' lang='lat' dir='ltr'><em>Nifi</em></span> <span class='ocrx_word' id='word_1_32' title='bbox 602 575 852 639; x_wconf 70' lang='lat' dir='ltr'><em>adjecisset</em></span> <span class='ocrx_word' id='word_1_33' title='bbox 879 580 1131 630; x_wconf 74' lang='lat' dir='ltr'><em>duntaxat</em></span> <span class='ocrx_word' id='word_1_34' title='bbox 1142 581 1385 649; x_wconf 85' lang='lat' dir='ltr'><em>fluctibus</em></span> <span class='ocrx_word' id='word_1_35' title='bbox 1405 600 1517 634; x_wconf 79' lang='lat' dir='ltr'><em>con·-</em></span> 
     </span>
     <span class='ocr_line' id='line_1_7' title="bbox 209 649 1514 717; baseline 0.009 -20"><span class='ocrx_word' id='word_1_36' title='bbox 209 655 426 708; x_wconf 86' lang='lat' dir='ltr'><em>cionum‚</em></span> <span class='ocrx_word' id='word_1_37' title='bbox 475 649 594 698; x_wconf 81' lang='lat' dir='ltr'><em>effet</em></span> <span class='ocrx_word' id='word_1_38' title='bbox 633 653 903 717; x_wconf 84' lang='lat' dir='ltr'><em>allegoria:</em></span> <span class='ocrx_word' id='word_1_39' title='bbox 964 673 1107 705; x_wconf 89' lang='lat' dir='ltr'><em>nunc</em></span> <span class='ocrx_word' id='word_1_40' title='bbox 1145 675 1257 707; x_wconf 83' lang='lat' dir='ltr'><em>eam</em></span> <span class='ocrx_word' id='word_1_41' title='bbox 1296 658 1514 710; x_wconf 79' lang='lat' dir='ltr'><strong>miscuit.</strong></span> 
     </span>
     <span class='ocr_line' id='line_1_8' title="bbox 208 727 1516 794; baseline 0.009 -22"><span class='ocrx_word' id='word_1_42' title='bbox 208 731 327 794; x_wconf 82' lang='lat' dir='ltr'><em>Quo</em></span> <span class='ocrx_word' id='word_1_43' title='bbox 368 727 423 774; x_wconf 89' lang='lat' dir='ltr'><em>in</em></span> <span class='ocrx_word' id='word_1_44' title='bbox 460 743 646 791; x_wconf 80' lang='lat' dir='ltr'>genere</span> <span class='ocrx_word' id='word_1_45' title='bbox 675 738 724 775; x_wconf 87' lang='lat' dir='ltr'><em>et</em></span> <span class='ocrx_word' id='word_1_46' title='bbox 756 727 945 793; x_wconf 86' lang='lat' dir='ltr'><em>species</em></span> <span class='ocrx_word' id='word_1_47' title='bbox 981 748 1043 779; x_wconf 88' lang='lat' dir='ltr'><em>ex</em></span> <span class='ocrx_word' id='word_1_48' title='bbox 1083 733 1311 783; x_wconf 84' lang='lat' dir='ltr'><em>arceffitis</em></span> <span class='ocrx_word' id='word_1_49' title='bbox 1343 737 1516 785; x_wconf 85' lang='lat' dir='ltr'><em>verbis</em></span> 
     </span>
    </p>

    <p class='ocr_par' dir='ltr' id='par_1_3' title="bbox 145 803 1581 1545">
     <span class='ocr_line' id='line_1_9' title="bbox 145 803 1514 871; baseline 0.008 -22"><span class='ocrx_word' id='word_1_50' title='bbox 145 803 376 860; x_wconf 73' lang='lat' dir='ltr'><em>q9venit‚</em></span> <span class='ocrx_word' id='word_1_51' title='bbox 420 812 471 849; x_wconf 88' lang='lat' dir='ltr'><em>et</em></span> <span class='ocrx_word' id='word_1_52' title='bbox 497 803 790 852; x_wconf 86' lang='lat' dir='ltr'><em>intellectus</em></span> <span class='ocrx_word' id='word_1_53' title='bbox 817 821 878 852; x_wconf 87' lang='lat' dir='ltr'><em>ex</em></span> <span class='ocrx_word' id='word_1_54' title='bbox 903 809 1142 871; x_wconf 68' lang='lat' dir='ltr'><em>propriis.</em></span> <span class='ocrx_word' id='word_1_55' title='bbox 1218 809 1355 858; x_wconf 88' lang='lat' dir='ltr'>Illud</span> <span class='ocrx_word' id='word_1_56' title='bbox 1387 828 1514 860; x_wconf 85' lang='lat' dir='ltr'><em>vero</em></span> 
     </span>
     <span class='ocr_line' id='line_1_10' title="bbox 205 875 1581 951; baseline 0.007 -27"><span class='ocrx_word' id='word_1_57' title='bbox 205 879 363 942; x_wconf 85' lang='lat' dir='ltr'><em>longe</em></span> <span class='ocrx_word' id='word_1_58' title='bbox 382 875 794 942; x_wconf 84' lang='lat' dir='ltr'><em>speciofiffimum</em></span> <span class='ocrx_word' id='word_1_59' title='bbox 822 897 985 944; x_wconf 85' lang='lat' dir='ltr'><em>genus</em></span> <span class='ocrx_word' id='word_1_60' title='bbox 1012 884 1284 941; x_wconf 79' lang='lat' dir='ltr'><em>orationis,</em></span> <span class='ocrx_word' id='word_1_61' title='bbox 1321 887 1380 934; x_wconf 91' lang='lat' dir='ltr'><em>in</em></span> <span class='ocrx_word' id='word_1_62' title='bbox 1406 904 1512 951; x_wconf 91' lang='lat' dir='ltr'><em>quo</em></span> <span class='ocrx_word' id='word_1_63' title='bbox 1525 903 1581 942; x_wconf 73' lang='lat'><em>74,</em></span> 
     </span>
     <span class='ocr_line' id='line_1_11' title="bbox 204 952 1517 1021; baseline 0.008 -22"><span class='ocrx_word' id='word_1_64' title='bbox 204 955 368 1001; x_wconf 84' lang='lat' dir='ltr'><em>trium</em></span> <span class='ocrx_word' id='word_1_65' title='bbox 389 954 640 1017; x_wconf 83' lang='lat' dir='ltr'><em>permixta</em></span> <span class='ocrx_word' id='word_1_66' title='bbox 663 952 734 1001; x_wconf 88' lang='lat' dir='ltr'><em>est</em></span> <span class='ocrx_word' id='word_1_67' title='bbox 759 957 940 1021; x_wconf 84' lang='lat' dir='ltr'><em>gratia,</em></span> <span class='ocrx_word' id='word_1_68' title='bbox 981 956 1357 1018; x_wconf 78' lang='lat' dir='ltr'><em>similitudinis,</em></span> <span class='ocrx_word' id='word_1_69' title='bbox 1394 963 1517 1009; x_wconf 86' lang='lat' dir='ltr'><em>alle-</em></span> 
     </span>
     <span class='ocr_line' id='line_1_12' title="bbox 205 1029 1516 1102; baseline 0.007 -26"><span class='ocrx_word' id='word_1_70' title='bbox 205 1030 395 1093; x_wconf 85' lang='lat' dir='ltr'><em>goriae,</em></span> <span class='ocrx_word' id='word_1_71' title='bbox 422 1029 798 1079; x_wconf 85' lang='lat' dir='ltr'>translationis:</span> <span class='ocrx_word' id='word_1_72' title='bbox 849 1032 1002 1102; x_wconf 70' lang='lat' dir='ltr'><em>Quod</em></span> <span class='ocrx_word' id='word_1_73' title='bbox 1008 1030 1230 1100; x_wconf 83' lang='lat' dir='ltr'><em>fretum,</em></span> <span class='ocrx_word' id='word_1_74' title='bbox 1251 1053 1396 1098; x_wconf 83' lang='lat' dir='ltr'><em>quem</em></span> <span class='ocrx_word' id='word_1_75' title='bbox 1407 1037 1516 1085; x_wconf 90' lang='lat' dir='ltr'><em>Eu-</em></span> 
     </span>
     <span class='ocr_line' id='line_1_13' title="bbox 206 1107 1560 1166; baseline 0.008 -16"><span class='ocrx_word' id='word_1_76' title='bbox 206 1107 395 1166; x_wconf 79' lang='lat' dir='ltr'><em>ripum,</em></span> <span class='ocrx_word' id='word_1_77' title='bbox 433 1114 508 1151; x_wconf 89' lang='lat' dir='ltr'><em>tot</em></span> <span class='ocrx_word' id='word_1_78' title='bbox 540 1114 724 1161; x_wconf 89' lang='lat' dir='ltr'><em>motus,</em></span> <span class='ocrx_word' id='word_1_79' title='bbox 762 1115 954 1162; x_wconf 86' lang='lat' dir='ltr'><em>tantas,</em></span> <span class='ocrx_word' id='word_1_80' title='bbox 991 1117 1096 1154; x_wconf 89' lang='lat' dir='ltr'><em>tam</em></span> <span class='ocrx_word' id='word_1_81' title='bbox 1122 1113 1302 1158; x_wconf 80' lang='lat' dir='ltr'><em>varias</em></span> <span class='ocrx_word' id='word_1_82' title='bbox 1330 1109 1515 1160; x_wconf 83' lang='lat' dir='ltr'><em>habere</em></span> <span class='ocrx_word' id='word_1_83' title='bbox 1556 1131 1560 1133; x_wconf 64' lang='grc'><strong><em>’</em></strong></span> 
     </span>
     <span class='ocr_line' id='line_1_14' title="bbox 205 1179 1513 1251; baseline 0.008 -27"><span class='ocrx_word' id='word_1_84' title='bbox 205 1179 403 1226; x_wconf 85' lang='lat' dir='ltr'><em>creditis</em></span> <span class='ocrx_word' id='word_1_85' title='bbox 450 1181 781 1246; x_wconf 77' lang='lat' dir='ltr'><em>agitationes,</em></span> <span class='ocrx_word' id='word_1_86' title='bbox 842 1186 1266 1241; x_wconf 80' lang='lat' dir='ltr'><em>commutationes,</em></span> <span class='ocrx_word' id='word_1_87' title='bbox 1305 1183 1513 1251; x_wconf 84' lang='lat' dir='ltr'><em>fluctus,</em></span> 
     </span>
     <span class='ocr_line' id='line_1_15' title="bbox 203 1252 1511 1326; baseline 0.007 -26"><span class='ocrx_word' id='word_1_88' title='bbox 203 1264 422 1318; x_wconf 79' lang='lat' dir='ltr'><em>quantas</em></span> <span class='ocrx_word' id='word_1_89' title='bbox 443 1252 861 1316; x_wconf 80' lang='lat' dir='ltr'><em>perturbationes,</em></span> <span class='ocrx_word' id='word_1_90' title='bbox 886 1267 935 1302; x_wconf 90' lang='lat' dir='ltr'><em>et</em></span> <span class='ocrx_word' id='word_1_91' title='bbox 956 1268 1167 1319; x_wconf 79' lang='lat' dir='ltr'><em>quantos</em></span> <span class='ocrx_word' id='word_1_92' title='bbox 1187 1256 1359 1326; x_wconf 80' lang='lat' dir='ltr'><em>aestus</em></span> <span class='ocrx_word' id='word_1_93' title='bbox 1381 1265 1511 1310; x_wconf 84' lang='lat' dir='ltr'><em>ratio</em></span> 
     </span>
     <span class='ocr_line' id='line_1_16' title="bbox 198 1326 1514 1401; baseline 0.006 -25"><span class='ocrx_word' id='word_1_94' title='bbox 198 1330 547 1377; x_wconf 78' lang='lat' dir='ltr'><em>comitiorum?</em></span> <span class='ocrx_word' id='word_1_95' title='bbox 605 1329 738 1376; x_wconf 82' lang='lat' dir='ltr'><em>Dies</em></span> <span class='ocrx_word' id='word_1_96' title='bbox 769 1326 1070 1401; x_wconf 67' lang='lat' dir='ltr'><em>intermiffus</em></span> <span class='ocrx_word' id='word_1_97' title='bbox 1099 1350 1246 1390; x_wconf 88' lang='lat' dir='ltr'><em>unus,</em></span> <span class='ocrx_word' id='word_1_98' title='bbox 1294 1345 1385 1382; x_wconf 86' lang='lat' dir='ltr'><em>aut</em></span> <span class='ocrx_word' id='word_1_99' title='bbox 1413 1353 1514 1384; x_wconf 82' lang='lat' dir='ltr'><em>nox</em></span> 
     </span>
     <span class='ocr_line' id='line_1_17' title="bbox 203 1399 1514 1473; baseline 0.005 -22"><span class='ocrx_word' id='word_1_100' title='bbox 203 1400 498 1473; x_wconf 78' lang='lat' dir='ltr'><em>interposita</em></span> <span class='ocrx_word' id='word_1_101' title='bbox 507 1399 673 1472; x_wconf 79' lang='lat' dir='ltr'><em>saepe</em></span> <span class='ocrx_word' id='word_1_102' title='bbox 695 1414 744 1451; x_wconf 86' lang='lat' dir='ltr'><em>et</em></span> <span class='ocrx_word' id='word_1_103' title='bbox 763 1404 1034 1468; x_wconf 78' lang='lat' dir='ltr'><em>perturbat</em></span> <span class='ocrx_word' id='word_1_104' title='bbox 1059 1411 1246 1465; x_wconf 90' lang='lat' dir='ltr'><em>omnia,</em></span> <span class='ocrx_word' id='word_1_105' title='bbox 1284 1419 1334 1456; x_wconf 89' lang='lat' dir='ltr'><em>et</em></span> <span class='ocrx_word' id='word_1_106' title='bbox 1357 1420 1514 1458; x_wconf 86' lang='lat' dir='ltr'><em>totam</em></span> 
     </span>
     <span class='ocr_line' id='line_1_18' title="bbox 206 1482 1514 1545; baseline 0.004 -16"><span class='ocrx_word' id='word_1_107' title='bbox 206 1482 484 1542; x_wconf 81' lang='lat' dir='ltr'><em>opinionem</em></span> <span class='ocrx_word' id='word_1_108' title='bbox 504 1496 681 1542; x_wconf 79' lang='lat' dir='ltr'><em>parva</em></span> <span class='ocrx_word' id='word_1_109' title='bbox 712 1497 1062 1545; x_wconf 75' lang='lat' dir='ltr'><em>nonnunquam</em></span> <span class='ocrx_word' id='word_1_110' title='bbox 1087 1495 1355 1532; x_wconf 82' lang='lat' dir='ltr'><em>commutat</em></span> <span class='ocrx_word' id='word_1_111' title='bbox 1382 1502 1514 1534; x_wconf 86' lang='lat' dir='ltr'><em>aura</em></span> 
     </span>
    </p>

    <p class='ocr_par' dir='ltr' id='par_1_4' title="bbox 140 1553 1513 1772">
     <span class='ocr_line' id='line_1_19' title="bbox 140 1553 1513 1623; baseline 0.007 -24"><span class='ocrx_word' id='word_1_112' title='bbox 140 1571 190 1608; x_wconf 86' lang='lat'><em>50</em></span> <span class='ocrx_word' id='word_1_113' title='bbox 205 1557 430 1602; x_wconf 85' lang='lat' dir='ltr'><em>rumoris.</em></span> <span class='ocrx_word' id='word_1_114' title='bbox 479 1555 619 1600; x_wconf 83' lang='lat' dir='ltr'><em>Nam</em></span> <span class='ocrx_word' id='word_1_115' title='bbox 645 1553 702 1602; x_wconf 83' lang='lat' dir='ltr'><em>id</em></span> <span class='ocrx_word' id='word_1_116' title='bbox 723 1572 937 1620; x_wconf 88' lang='lat' dir='ltr'><em>quoque</em></span> <span class='ocrx_word' id='word_1_117' title='bbox 960 1559 1016 1605; x_wconf 89' lang='lat' dir='ltr'><em>in</em></span> <span class='ocrx_word' id='word_1_118' title='bbox 1038 1559 1224 1623; x_wconf 85' lang='lat' dir='ltr'><em>primis</em></span> <span class='ocrx_word' id='word_1_119' title='bbox 1245 1558 1316 1606; x_wconf 86' lang='lat' dir='ltr'><em>est</em></span> <span class='ocrx_word' id='word_1_120' title='bbox 1345 1559 1513 1609; x_wconf 83' lang='lat' dir='ltr'><em>custo-</em></span> 
     </span>
     <span class='ocr_line' id='line_1_20' title="bbox 202 1629 1512 1698; baseline 0.007 -23"><span class='ocrx_word' id='word_1_121' title='bbox 202 1629 483 1686; x_wconf 83' lang='lat' dir='ltr'><em>diendum,</em></span> <span class='ocrx_word' id='word_1_122' title='bbox 526 1639 607 1686; x_wconf 89' lang='lat' dir='ltr'><em>ut,</em></span> <span class='ocrx_word' id='word_1_123' title='bbox 651 1647 757 1693; x_wconf 88' lang='lat' dir='ltr'><em>quo</em></span> <span class='ocrx_word' id='word_1_124' title='bbox 782 1648 844 1678; x_wconf 87' lang='lat' dir='ltr'><em>ex</em></span> <span class='ocrx_word' id='word_1_125' title='bbox 876 1648 1064 1696; x_wconf 85' lang='lat' dir='ltr'><em>genere</em></span> <span class='ocrx_word' id='word_1_126' title='bbox 1095 1636 1323 1698; x_wconf 86' lang='lat' dir='ltr'><em>coeperis</em></span> <span class='ocrx_word' id='word_1_127' title='bbox 1347 1645 1512 1684; x_wconf 77' lang='lat' dir='ltr'><em>trans·</em></span> 
     </span>
     <span class='ocr_line' id='line_1_21' title="bbox 200 1703 1511 1772; baseline 0.006 -21"><span class='ocrx_word' id='word_1_128' title='bbox 200 1704 438 1762; x_wconf 84' lang='lat' dir='ltr'><em>lationis,</em></span> <span class='ocrx_word' id='word_1_129' title='bbox 487 1706 590 1772; x_wconf 72' lang='lat' dir='ltr'><em>hoo</em></span> <span class='ocrx_word' id='word_1_130' title='bbox 638 1703 848 1754; x_wconf 83' lang='lat' dir='ltr'><em>definas.</em></span> <span class='ocrx_word' id='word_1_131' title='bbox 925 1708 1113 1761; x_wconf 62' lang='lat' dir='ltr'><em>Multi,</em></span> <span class='ocrx_word' id='word_1_132' title='bbox 1140 1719 1308 1758; x_wconf 85' lang='lat' dir='ltr'><em>autem</em></span> <span class='ocrx_word' id='word_1_133' title='bbox 1327 1747 1341 1768; x_wconf 91' lang='lat'>,</span> <span class='ocrx_word' id='word_1_134' title='bbox 1391 1726 1511 1759; x_wconf 86' lang='lat' dir='ltr'><em>cum</em></span> 
     </span>
    </p>
   </div>
   <div class='ocr_carea' id='block_1_3' title="bbox 197 1843 1553 2503">
    <p class='ocr_par' dir='ltr' id='par_1_5' title="bbox 199 1843 1508 2002">
     <span class='ocr_line' id='line_1_22' title="bbox 285 1843 1508 1894; baseline 0.004 -14"><span class='ocrx_word' id='word_1_135' title='bbox 285 1851 348 1889; x_wconf 71' lang='lat'><em>48.</em></span> <span class='ocrx_word' id='word_1_136' title='bbox 389 1847 618 1885; x_wconf 76' lang='lat' dir='ltr'><em>concionum,</em></span> <span class='ocrx_word' id='word_1_137' title='bbox 661 1843 745 1894; x_wconf 64' lang='lat' dir='ltr'><em>effer:</em></span> <span class='ocrx_word' id='word_1_138' title='bbox 772 1846 882 1892; x_wconf 83' lang='lat' dir='ltr'><em>alleg.</em></span> <span class='ocrx_word' id='word_1_139' title='bbox 951 1847 1080 1883; x_wconf 78' lang='lat' dir='ltr'><em>Turio.</em></span> <span class='ocrx_word' id='word_1_140' title='bbox 1119 1848 1219 1884; x_wconf 79' lang='lat' dir='ltr'><em>Flor.</em></span> <span class='ocrx_word' id='word_1_141' title='bbox 1270 1850 1356 1893; x_wconf 85' lang='lat' dir='ltr'><em>(sed</em></span> <span class='ocrx_word' id='word_1_142' title='bbox 1386 1850 1450 1885; x_wconf 81' lang='lat' dir='ltr'><em>hic</em></span> <span class='ocrx_word' id='word_1_143' title='bbox 1480 1866 1508 1886; x_wconf 79' lang='lat' dir='ltr'><em>c.</em></span> 
     </span>
     <span class='ocr_line' id='line_1_23' title="bbox 199 1898 1508 1949; baseline 0.005 -14"><span class='ocrx_word' id='word_1_144' title='bbox 199 1912 279 1935; x_wconf 84' lang='lat' dir='ltr'><em>non</em></span> <span class='ocrx_word' id='word_1_145' title='bbox 302 1901 541 1947; x_wconf 77' lang='lat' dir='ltr'><em>transponit)</em></span> <span class='ocrx_word' id='word_1_146' title='bbox 565 1898 633 1948; x_wconf 82' lang='lat' dir='ltr'><em>effe</em></span> <span class='ocrx_word' id='word_1_147' title='bbox 652 1915 679 1935; x_wconf 87' lang='lat' dir='ltr'><em>c.</em></span> <span class='ocrx_word' id='word_1_148' title='bbox 702 1902 928 1947; x_wconf 80' lang='lat' dir='ltr'><em>allegoriam.</em></span> <span class='ocrx_word' id='word_1_149' title='bbox 970 1902 1095 1937; x_wconf 77' lang='lat' dir='ltr'><em>Guelf.</em></span> <span class='ocrx_word' id='word_1_150' title='bbox 1116 1903 1231 1939; x_wconf 85' lang='lat' dir='ltr'><em>Goth.</em></span> <span class='ocrx_word' id='word_1_151' title='bbox 1254 1906 1350 1949; x_wconf 77' lang='lat' dir='ltr'><em>(tac.</em></span> <span class='ocrx_word' id='word_1_152' title='bbox 1373 1907 1508 1949; x_wconf 85' lang='lat' dir='ltr'><em>Gesn.)</em></span> 
     </span>
     <span class='ocr_line' id='line_1_24' title="bbox 201 1956 1018 2002; baseline 0.005 -13"><span class='ocrx_word' id='word_1_153' title='bbox 201 1969 230 1989; x_wconf 80' lang='lat' dir='ltr'><em>c.</em></span> <span class='ocrx_word' id='word_1_154' title='bbox 253 1956 478 2002; x_wconf 81' lang='lat' dir='ltr'><em>allegoriam.</em></span> <span class='ocrx_word' id='word_1_155' title='bbox 520 1956 649 2002; x_wconf 79' lang='lat' dir='ltr'><em>Camp.</em></span> <span class='ocrx_word' id='word_1_156' title='bbox 679 1969 708 1990; x_wconf 84' lang='lat' dir='ltr'><em>c.</em></span> <span class='ocrx_word' id='word_1_157' title='bbox 732 1957 911 2002; x_wconf 72' lang='lat' dir='ltr'><em>allegoria</em></span> <span class='ocrx_word' id='word_1_158' title='bbox 931 1959 1018 2000; x_wconf 78' lang='lat' dir='ltr'><em>jam.</em></span> 
     </span>
    </p>

    <p class='ocr_par' dir='ltr' id='par_1_6' title="bbox 198 2011 1508 2162">
     <span class='ocr_line' id='line_1_25' title="bbox 285 2011 1507 2065; baseline 0.007 -21"><span class='ocrx_word' id='word_1_159' title='bbox 285 2017 347 2057; x_wconf 75' lang='lat'>49&#39;.</span> <span class='ocrx_word' id='word_1_160' title='bbox 387 2011 496 2057; x_wconf 79' lang='lat' dir='ltr'><em>alleg.</em></span> <span class='ocrx_word' id='word_1_161' title='bbox 528 2011 652 2045; x_wconf 74' lang='lat' dir='ltr'><em>transl.</em></span> <span class='ocrx_word' id='word_1_162' title='bbox 706 2011 766 2045; x_wconf 82' lang='lat' dir='ltr'><em>sic</em></span> <span class='ocrx_word' id='word_1_163' title='bbox 791 2011 916 2047; x_wconf 81' lang='lat' dir='ltr'><em>Guelf.</em></span> <span class='ocrx_word' id='word_1_164' title='bbox 955 2013 1136 2060; x_wconf 78' lang='lat' dir='ltr'><em>allegoria</em></span> <span class='ocrx_word' id='word_1_165' title='bbox 1156 2021 1191 2048; x_wconf 79' lang='lat' dir='ltr'><em>et</em></span> <span class='ocrx_word' id='word_1_166' title='bbox 1211 2022 1235 2048; x_wconf 88' lang='lat' dir='ltr'><em>t.</em></span> <span class='ocrx_word' id='word_1_167' title='bbox 1260 2014 1361 2051; x_wconf 73' lang='lat' dir='ltr'><em>flor.</em></span> <span class='ocrx_word' id='word_1_168' title='bbox 1385 2019 1431 2061; x_wconf 79' lang='lat' dir='ltr'><em>(a</em></span> <span class='ocrx_word' id='word_1_169' title='bbox 1450 2030 1507 2065; x_wconf 76' lang='lat' dir='ltr'><em>pr.</em></span> 
     </span>
     <span class='ocr_line' id='line_1_26' title="bbox 198 2065 1508 2113; baseline 0.004 -12"><span class='ocrx_word' id='word_1_170' title='bbox 198 2068 355 2110; x_wconf 79' lang='lat' dir='ltr'><em>manu).</em></span> <span class='ocrx_word' id='word_1_171' title='bbox 394 2065 551 2113; x_wconf 80' lang='lat' dir='ltr'><em>Reliqui</em></span> <span class='ocrx_word' id='word_1_172' title='bbox 572 2066 740 2100; x_wconf 80' lang='lat' dir='ltr'><em>inserunt</em></span> <span class='ocrx_word' id='word_1_173' title='bbox 761 2075 804 2100; x_wconf 79' lang='lat' dir='ltr'><em>et.</em></span> <span class='ocrx_word' id='word_1_174' title='bbox 834 2067 879 2101; x_wconf 86' lang='lat' dir='ltr'><em>cf.</em></span> <span class='ocrx_word' id='word_1_175' title='bbox 903 2072 941 2112; x_wconf 68' lang='lat'><em>(1,</em></span> <span class='ocrx_word' id='word_1_176' title='bbox 964 2078 1000 2108; x_wconf 84' lang='lat'><em>2,</em></span> <span class='ocrx_word' id='word_1_177' title='bbox 1024 2074 1087 2111; x_wconf 75' lang='lat'><em>24·</em></span> <span class='ocrx_word' id='word_1_178' title='bbox 1202 2072 1334 2105; x_wconf 61' lang='lat' dir='ltr'><em>vartas.</em></span> <span class='ocrx_word' id='word_1_179' title='bbox 1377 2073 1508 2108; x_wconf 79' lang='lat' dir='ltr'><em>Turic-</em></span> 
     </span>
     <span class='ocr_line' id='line_1_27' title="bbox 199 2120 1265 2162; baseline 0.004 -8"><span class='ocrx_word' id='word_1_180' title='bbox 199 2120 302 2156; x_wconf 85' lang='lat' dir='ltr'><em>Flor.</em></span> <span class='ocrx_word' id='word_1_181' title='bbox 323 2123 434 2159; x_wconf 75' lang='lat' dir='ltr'><em>veris,</em></span> <span class='ocrx_word' id='word_1_182' title='bbox 466 2134 484 2153; x_wconf 81' lang='lat' dir='ltr'>a</span> <span class='ocrx_word' id='word_1_183' title='bbox 507 2121 574 2155; x_wconf 82' lang='lat' dir='ltr'><em>sec.</em></span> <span class='ocrx_word' id='word_1_184' title='bbox 596 2134 711 2155; x_wconf 82' lang='lat' dir='ltr'><em>manu</em></span> <span class='ocrx_word' id='word_1_185' title='bbox 740 2121 806 2156; x_wconf 81' lang='lat' dir='ltr'><em>ille</em></span> <span class='ocrx_word' id='word_1_186' title='bbox 830 2135 951 2162; x_wconf 83' lang='lat' dir='ltr'><em>veras,</em></span> <span class='ocrx_word' id='word_1_187' title='bbox 991 2122 1056 2159; x_wconf 79' lang='lat' dir='ltr'><em>hic</em></span> <span class='ocrx_word' id='word_1_188' title='bbox 1084 2123 1265 2158; x_wconf 78' lang='lat' dir='ltr'><em>nostrum.</em></span> 
     </span>
    </p>

    <p class='ocr_par' dir='ltr' id='par_1_7' title="bbox 197 2175 1553 2389">
     <span class='ocr_line' id='line_1_28' title="bbox 283 2175 1504 2227; baseline 0.004 -17"><span class='ocrx_word' id='word_1_189' title='bbox 283 2190 409 2222; x_wconf 84' lang='lat' dir='ltr'><em>parva.</em></span> <span class='ocrx_word' id='word_1_190' title='bbox 461 2175 590 2211; x_wconf 85' lang='lat' dir='ltr'><em>Turic.</em></span> <span class='ocrx_word' id='word_1_191' title='bbox 619 2178 666 2219; x_wconf 81' lang='lat' dir='ltr'><em>(a</em></span> <span class='ocrx_word' id='word_1_192' title='bbox 685 2189 742 2224; x_wconf 86' lang='lat' dir='ltr'><em>pr.</em></span> <span class='ocrx_word' id='word_1_193' title='bbox 764 2179 906 2221; x_wconf 79' lang='lat' dir='ltr'><em>manu)</em></span> <span class='ocrx_word' id='word_1_194' title='bbox 937 2177 1189 2224; x_wconf 65' lang='lat' dir='ltr'><em>Mon-parvo.</em></span> <span class='ocrx_word' id='word_1_195' title='bbox 1230 2180 1336 2214; x_wconf 81' lang='lat' dir='ltr'><em>Ferri</em></span> <span class='ocrx_word' id='word_1_196' title='bbox 1356 2180 1504 2227; x_wconf 77' lang='lat' dir='ltr'><em>nequir,</em></span> 
     </span>
     <span class='ocr_line' id='line_1_29' title="bbox 199 2231 1553 2282; baseline 0.003 -16"><span class='ocrx_word' id='word_1_197' title='bbox 199 2231 259 2266; x_wconf 80' lang='lat' dir='ltr'><em>fed</em></span> <span class='ocrx_word' id='word_1_198' title='bbox 278 2231 353 2266; x_wconf 86' lang='lat' dir='ltr'><em>hoc</em></span> <span class='ocrx_word' id='word_1_199' title='bbox 376 2231 594 2270; x_wconf 86' lang='lat' dir='ltr'><em>tenendum,</em></span> <span class='ocrx_word' id='word_1_200' title='bbox 619 2245 734 2278; x_wconf 80' lang='lat' dir='ltr'><em>parva</em></span> <span class='ocrx_word' id='word_1_201' title='bbox 756 2246 845 2267; x_wconf 77' lang='lat' dir='ltr'><em>auru</em></span> <span class='ocrx_word' id='word_1_202' title='bbox 866 2233 935 2267; x_wconf 76' lang='lat' dir='ltr'><em>ess&#39;e</em></span> <span class='ocrx_word' id='word_1_203' title='bbox 962 2233 1106 2267; x_wconf 74' lang='lat' dir='ltr'><em>sextum</em></span> <span class='ocrx_word' id='word_1_204' title='bbox 1127 2233 1259 2272; x_wconf 81' lang='lat' dir='ltr'>casum,</span> <span class='ocrx_word' id='word_1_205' title='bbox 1293 2246 1370 2281; x_wconf 85' lang='lat' dir='ltr'><em>qno</em></span> <span class='ocrx_word' id='word_1_206' title='bbox 1390 2236 1507 2282; x_wconf 86' lang='lat' dir='ltr'><em>perti·</em></span> <span class='ocrx_word' id='word_1_207' title='bbox 1547 2245 1553 2250; x_wconf 88' lang='grc'><em>·</em></span> 
     </span>
     <span class='ocr_line' id='line_1_30' title="bbox 198 2285 1507 2334; baseline 0.003 -14"><span class='ocrx_word' id='word_1_208' title='bbox 198 2297 264 2321; x_wconf 87' lang='lat' dir='ltr'><em>net</em></span> <span class='ocrx_word' id='word_1_209' title='bbox 283 2286 395 2320; x_wconf 82' lang='lat' dir='ltr'><em>etiam</em></span> <span class='ocrx_word' id='word_1_210' title='bbox 418 2285 522 2332; x_wconf 86' lang='lat' dir='ltr'><em>quod</em></span> <span class='ocrx_word' id='word_1_211' title='bbox 541 2285 582 2319; x_wconf 84' lang='lat' dir='ltr'><em>in</em></span> <span class='ocrx_word' id='word_1_212' title='bbox 604 2286 676 2332; x_wconf 89' lang='lat' dir='ltr'><em>Qu.</em></span> <span class='ocrx_word' id='word_1_213' title='bbox 707 2286 819 2321; x_wconf 81' lang='lat' dir='ltr'><em>libris</em></span> <span class='ocrx_word' id='word_1_214' title='bbox 849 2286 1012 2334; x_wconf 81' lang='lat' dir='ltr'><em>legitur,</em></span> <span class='ocrx_word' id='word_1_215' title='bbox 1052 2287 1094 2321; x_wconf 86' lang='lat' dir='ltr'><em>in</em></span> <span class='ocrx_word' id='word_1_216' title='bbox 1115 2287 1193 2324; x_wconf 78' lang='lat' dir='ltr'><em>Cio.</em></span> <span class='ocrx_word' id='word_1_217' title='bbox 1215 2301 1293 2324; x_wconf 82' lang='lat' dir='ltr'><em>non</em></span> <span class='ocrx_word' id='word_1_218' title='bbox 1312 2289 1429 2331; x_wconf 82' lang='lat' dir='ltr'><em>item,</em></span> <span class='ocrx_word' id='word_1_219' title='bbox 1472 2298 1507 2325; x_wconf 82' lang='lat' dir='ltr'><em>et:</em></span> 
     </span>
     <span class='ocr_line' id='line_1_31' title="bbox 197 2339 425 2389; baseline -0.004 -13"><span class='ocrx_word' id='word_1_220' title='bbox 197 2341 281 2389; x_wconf 83' lang='lat' dir='ltr'><em>post</em></span> <span class='ocrx_word' id='word_1_221' title='bbox 301 2339 425 2389; x_wconf 81' lang='lat' dir='ltr'><em>saepe.</em></span> 
     </span>
    </p>

    <p class='ocr_par' dir='ltr' id='par_1_8' title="bbox 285 2394 1231 2446">
     <span class='ocr_line' id='line_1_32' title="bbox 285 2394 1231 2446; baseline 0.001 -16"><span class='ocrx_word' id='word_1_222' title='bbox 285 2405 348 2439; x_wconf 83' lang='lat'><em>50.</em></span> <span class='ocrx_word' id='word_1_223' title='bbox 380 2394 528 2444; x_wconf 72' lang='lat' dir='ltr'><em>desinas.</em></span> <span class='ocrx_word' id='word_1_224' title='bbox 579 2396 709 2430; x_wconf 82' lang='lat' dir='ltr'><em>Turio.</em></span> <span class='ocrx_word' id='word_1_225' title='bbox 736 2395 781 2440; x_wconf 83' lang='lat' dir='ltr'><em>(a</em></span> <span class='ocrx_word' id='word_1_226' title='bbox 803 2409 860 2444; x_wconf 82' lang='lat' dir='ltr'><em>pr.</em></span> <span class='ocrx_word' id='word_1_227' title='bbox 882 2396 1023 2441; x_wconf 81' lang='lat' dir='ltr'>manu)</span> <span class='ocrx_word' id='word_1_228' title='bbox 1054 2396 1231 2446; x_wconf 75' lang='lat' dir='ltr'><em>designas.</em></span> 
     </span>
    </p>

    <p class='ocr_par' dir='ltr' id='par_1_9' title="bbox 281 2450 1504 2503">
     <span class='ocr_line' id='line_1_33' title="bbox 281 2450 1504 2503; baseline 0.004 -19"><span class='ocrx_word' id='word_1_229' title='bbox 281 2459 411 2486; x_wconf 79' lang='lat' dir='ltr'><em>autem.</em></span> <span class='ocrx_word' id='word_1_230' title='bbox 451 2451 512 2485; x_wconf 84' lang='lat' dir='ltr'><em>Sic</em></span> <span class='ocrx_word' id='word_1_231' title='bbox 533 2451 662 2485; x_wconf 79' lang='lat' dir='ltr'><em>Turio.</em></span> <span class='ocrx_word' id='word_1_232' title='bbox 684 2450 785 2485; x_wconf 76' lang='lat' dir='ltr'><em>Flor.</em></span> <span class='ocrx_word' id='word_1_233' title='bbox 810 2451 934 2486; x_wconf 75' lang='lat' dir='ltr'><em>Guelf.</em></span> <span class='ocrx_word' id='word_1_234' title='bbox 958 2452 1074 2502; x_wconf 67' lang='lat' dir='ltr'><em>Goth.</em></span> <span class='ocrx_word' id='word_1_235' title='bbox 1097 2455 1193 2496; x_wconf 83' lang='lat' dir='ltr'><em>(tac.</em></span> <span class='ocrx_word' id='word_1_236' title='bbox 1216 2453 1350 2498; x_wconf 83' lang='lat' dir='ltr'><em>Gesn.)</em></span> <span class='ocrx_word' id='word_1_237' title='bbox 1373 2454 1504 2503; x_wconf 78' lang='lat' dir='ltr'><em>Camp-</em></span> 
     </span>
    </p>
   </div>
   <div class='ocr_carea' id='block_1_4' title="bbox 198 2551 1502 2710">
    <p class='ocr_par' dir='ltr' id='par_1_10' title="bbox 198 2551 1502 2710">
     <span class='ocr_line' id='line_1_34' title="bbox 256 2551 1502 2600; baseline 0.001 -14"><span class='ocrx_word' id='word_1_238' title='bbox 256 2558 320 2596; x_wconf 78' lang='grc'><em>43.</em></span> <span class='ocrx_word' id='word_1_239' title='bbox 357 2551 538 2599; x_wconf 78' lang='lat' dir='ltr'><em>Equidem</em></span> <span class='ocrx_word' id='word_1_240' title='bbox 569 2560 713 2586; x_wconf 81' lang='lat' dir='ltr'><em>ceteras.</em></span> <span class='ocrx_word' id='word_1_241' title='bbox 750 2553 823 2586; x_wconf 81' lang='lat' dir='ltr'><em>Pro</em></span> <span class='ocrx_word' id='word_1_242' title='bbox 938 2559 1000 2595; x_wconf 87' lang='lat'><em>50.</em></span> <span class='ocrx_word' id='word_1_243' title='bbox 1039 2552 1104 2586; x_wconf 81' lang='lat' dir='ltr'><em>hoc</em></span> <span class='ocrx_word' id='word_1_244' title='bbox 1153 2551 1301 2600; x_wconf 79' lang='lat' dir='ltr'><em>desinas.</em></span> <span class='ocrx_word' id='word_1_245' title='bbox 1367 2553 1502 2587; x_wconf 85' lang='lat' dir='ltr'><em>Malim</em></span> 
     </span>
     <span class='ocr_line' id='line_1_35' title="bbox 198 2606 1500 2657; baseline 0.001 -15"><span class='ocrx_word' id='word_1_246' title='bbox 198 2607 312 2642; x_wconf 78' lang='lat' dir='ltr'><em>Milo.</em></span> <span class='ocrx_word' id='word_1_247' title='bbox 326 2620 357 2641; x_wconf 89' lang='lat' dir='ltr'><em>c.</em></span> <span class='ocrx_word' id='word_1_248' title='bbox 371 2618 433 2642; x_wconf 80' lang='lat'><em>2¹.</em></span> <span class='ocrx_word' id='word_1_249' title='bbox 461 2608 568 2657; x_wconf 69' lang='lat' dir='ltr'><em>Quod</em></span> <span class='ocrx_word' id='word_1_250' title='bbox 579 2606 730 2654; x_wconf 80' lang='lat' dir='ltr'><em>fretum.</em></span> <span class='ocrx_word' id='word_1_251' title='bbox 752 2608 826 2642; x_wconf 78' lang='lat' dir='ltr'><em>Pro</em></span> <span class='ocrx_word' id='word_1_252' title='bbox 882 2619 1002 2654; x_wconf 81' lang='lat' dir='ltr'><em>prope</em></span> <span class='ocrx_word' id='word_1_253' title='bbox 1024 2609 1059 2640; x_wconf 87' lang='lat' dir='ltr'><em>in</em></span> <span class='ocrx_word' id='word_1_254' title='bbox 1082 2607 1147 2641; x_wconf 74' lang='lat' dir='ltr'><em>hoc</em></span> <span class='ocrx_word' id='word_1_255' title='bbox 1169 2608 1204 2642; x_wconf 73' lang='lat' dir='ltr'><em>d.</em></span> <span class='ocrx_word' id='word_1_256' title='bbox 1229 2619 1315 2640; x_wconf 89' lang='lat' dir='ltr'><em>cum</em></span> <span class='ocrx_word' id='word_1_257' title='bbox 1330 2608 1500 2643; x_wconf 74' lang='lat' dir='ltr'><em>Francio.</em></span> 
     </span>
     <span class='ocr_line' id='line_1_36' title="bbox 198 2660 1502 2710; baseline 0.002 -14"><span class='ocrx_word' id='word_1_258' title='bbox 198 2663 324 2699; x_wconf 78' lang='lat' dir='ltr'><em>Mure.</em></span> <span class='ocrx_word' id='word_1_259' title='bbox 351 2674 382 2698; x_wconf 88' lang='lat' dir='ltr'><em>c.</em></span> <span class='ocrx_word' id='word_1_260' title='bbox 409 2671 470 2705; x_wconf 78' lang='lat'><em>17.</em></span> <span class='ocrx_word' id='word_1_261' title='bbox 883 2662 995 2708; x_wconf 83' lang='lat' dir='ltr'><em>Quod</em></span> <span class='ocrx_word' id='word_1_262' title='bbox 1023 2672 1266 2710; x_wconf 72' lang='lat' dir='ltr'><em>praeceptum</em></span> <span class='ocrx_word' id='word_1_263' title='bbox 1297 2660 1371 2697; x_wconf 87' lang='lat' dir='ltr'><em>hoc</em></span> <span class='ocrx_word' id='word_1_264' title='bbox 1389 2662 1502 2698; x_wconf 86' lang='lat' dir='ltr'><em>indu-</em></span> 
     </span>
    </p>
   </div>
  </div>
 </body>
</html>
