1586 2990
260 140 300 161 s·
359 156 525 204 msT.
569 155 846 203 onnon.
890 155 1012 201 Lm.
1049 156 1136 214 1x,
1174 167 1253 212 5..
1372 161 1467 209 502

133 282 316 349 πάρισον
350 282 633 341 existimat,
697 281 847 347 quod
885 281 947 339 fit
989 298 1019 344 e
1058 281 1312 330 membris
1354 296 1468 329 non

134 360 494 412 disfimilibus.
582 359 909 418 Secundum,
959 370 1024 409 ut
1063 358 1293 408 clausula
1327 355 1466 405 fimi-
1482 370 1533 408 77

131 438 254 487 liter
295 438 468 495 cadat,
529 439 616 486 vel
656 437 844 486 iisdem
881 438 939 486 in
979 437 1223 486 ultimam
1262 444 1466 500 partem

41 517 365 574 mennatis,
418 518 775 576 ὀμοιοτὲλευτον,
826 513 1047 564 fimilem
1085 514 1313 564 duarum
1351 510 1466 559 sen-

131 594 418 643 tentiarum
447 593 535 642 vel
563 593 802 658 plurium
831 590 1018 641 finem:
1061 592 1193 641 Non
1221 589 1368 639 modo
1394 588 1468 636 ad

114 665 348 741 salutem
371 670 480 735 ejus
506 670 922 740 extinguendam,
938 665 1046 741 sed
1065 672 1216 717 eciam
1236 667 1463 738 gloriam

126 764 225 811 per
252 747 383 797 tales
408 750 553 798 viros
574 745 982 817 infringendam.
1036 749 1113 795 Ex
1133 746 1330 812 quibus
1350 742 1463 791 fere

128 905 214 943 edd.
237 917 323 943 ante
333 906 442 944 Bam.
463 906 645 943 exc.Ald.
683 907 762 942 Hie
781 906 954 943 nostrum
977 919 1047 955 per
1070 919 1114 940 ae
1131 919 1178 940 an
1196 919 1252 946 oe,
1285 902 1381 939 obv.
1405 901 1463 937 di-

126 964 282 999 remtim
299 964 386 1000 Cleo
398 964 576 1004 Stelaeus,
600 977 714 1013 quem
731 964 918 1000 Gesnerus
933 964 971 998 in
990 963 1122 997 Indice
1135 961 1276 1011 repetit
1297 973 1344 995 ex
1366 958 1462 994 urbe

127 1019 261 1055 Cretae
282 1019 407 1060 Stelis‚
428 1020 585 1068 sequens
605 1021 843 1068 Stephanum
857 1019 1132 1067 Byzmdnum,
1163 1019 1233 1066 qui
1255 1015 1399 1064 gentile
1424 1025 1462 1051 et

89 1068 94 1069 ⁷
127 1076 308 1119 Στηλαῖος
328 1087 365 1112 et
392 1073 571 1120 Στηλῖτης
595 1077 805 1113 formatum
832 1077 996 1112 testatur.
1169 1074 1267 1123 quod
1285 1071 1350 1123 fit.
1398 1072 1462 1107 Sic

127 1132 259 1168 Turio.
290 1131 395 1168 Flor.
428 1131 554 1169 Guelf.
588 1134 720 1181 Camp.
756 1145 844 1167 cum
883 1132 981 1170 Jens.
1016 1143 1102 1166 ante
1131 1129 1240 1166 Bafil.
1300 1127 1462 1176 Reliqui

124 1201 159 1237 q.
181 1187 249 1235 fit.
300 1187 418 1228 Goth.
450 1187 656 1238 (fortasse)
687 1203 721 1239 q.
743 1187 812 1239 fic.

209 1254 275 1290 77.
309 1244 522 1282 Secundum.
571 1245 676 1281 Flor.
710 1247 757 1290 (a
787 1245 854 1282 sec.
883 1246 1027 1288 manu)
1063 1244 1136 1280 Secl
1174 1243 1311 1278 nudum
1343 1252 1380 1277 et
1411 1241 1460 1276 fic

123 1300 243 1337 Goth.
386 1302 506 1338 cadat.
557 1301 691 1337 Turio.
723 1301 850 1337 Guelf.
882 1302 1081 1337 omittunt.
1225 1300 1305 1334 iisd.
1331 1301 1368 1333 in
1392 1298 1459 1332 ult.

124 1358 258 1393 Turio.
287 1355 391 1392 Flor.
415 1357 543 1393 Guelf.
577 1359 614 1392 in
647 1359 704 1392 his
734 1359 798 1393 ult.
834 1371 922 1393 cum
954 1357 1058 1392 Alm.
1098 1356 1170 1392 Sed
1203 1355 1336 1391 Ambr.
1362 1367 1395 1389 ι.
1422 1356 1460 1388 in

124 1413 264 1448 hisdem
284 1414 350 1449 ult.
401 1414 534 1462 Camp.
557 1414 674 1450 Goth.
707 1416 806 1459 (tac.
831 1415 966 1459 Gesn.)
999 1417 1036 1448 in
1065 1414 1120 1447 his
1150 1412 1366 1461 (posterior
1388 1411 1459 1453 iis)

125 1471 163 1504 in
185 1470 250 1506 ult.
301 1471 334 1504 E
364 1470 469 1506 Votr.
494 1480 530 1506 2.
564 1472 601 1504 in
630 1471 695 1506 ult.
731 1470 866 1506 solum.
909 1471 984 1516 (cf.
1015 1477 1052 1514 3,
1081 1469 1117 1509 6,
1151 1476 1216 1514 23.
1262 1480 1298 1516 9,
1323 1473 1359 1511 4,
1392 1469 1458 1511 5.)

123 1525 341 1561 Rectiffime
366 1527 635 1574 transpositum
661 1526 737 1562 fuit
764 1529 814 1561 in.
842 1526 919 1573 (cf.
943 1530 976 1573 §.
999 1527 1093 1571 74.)

199 1581 372 1632 similem..
423 1581 556 1621 Turio.
583 1585 628 1624 (a
652 1583 717 1617 sec.
741 1585 885 1628 manu)
920 1581 1047 1618 Guelf.
1070 1583 1203 1631 Camp.
1223 1579 1348 1631 fimile
1367 1592 1458 1615 cum

123 1638 221 1677 Jens.
247 1639 362 1674 Tarv.
409 1639 470 1673 An
500 1638 781 1675 hinc-efficies:
814 1638 933 1690 simili
954 1638 1137 1686 —fine?
1181 1638 1255 1673 Sed
1276 1648 1313 1672 et
1332 1637 1460 1685 ipsum

124 1708 204 1730 non
226 1694 354 1743 explet
383 1695 569 1730 animum.
627 1697 874 1731 Burmannus
899 1697 942 1730 ad
969 1696 1040 1731 hos
1068 1694 1301 1730 accusativos
1322 1691 1459 1740 faciat.

123 1750 188 1787 vel
215 1751 350 1786 habeat
368 1750 466 1785 velit
495 1751 606 1792 addi3
647 1753 809 1801 Capper.
833 1753 880 1787 fic
902 1753 1076 1788 ordinari
1098 1751 1253 1787 locum:
1287 1749 1459 1788 collatis,-

123 1806 500 1853 ὄμοιοτὲλευτον
528 1816 663 1843 vocant
680 1807 842 1858 fimilem
869 1829 926 1836 —
951 1808 1082 1857 finem.

125 1931 294 1967 constare
330 1930 475 1966 censuit
511 1931 619 1979 quod
647 1934 765 1968 ceteri
819 1933 960 1974 (licina,
986 1932 1074 1977 (sed
1092 1931 1239 1967 nullam
1255 1944 1328 1980 ego
1346 1930 1460 1966 aliam

96 2030 98 2033 Ι
123 1987 254 2023 verbis.
303 1988 510 2035 Receptam
530 1991 594 2021 τοῦ
615 1986 762 2035 *atqle-cv
818 1990 1010 2033 invenio)
1035 1999 1079 2024 ut
1099 2001 1172 2036 pro
1194 1989 1253 2024 vel
1277 1987 1462 2023 scribatur

126 2041 395 2077 definitionem
417 2042 517 2090 apud
549 2044 764 2091 Hermoge-
813 2044 991 2093 syllabis.
1048 2045 1123 2079 sed
1147 2057 1242 2080 mox
1271 2056 1375 2080 nova
1402 2044 1461 2078 in-

125 2110 213 2133 nem
226 2097 391 2145 designat
401 2098 559 2146 Capper.
572 2112 608 2146 p.
621 2101 765 2136 Sturm.
822 2101 930 2148 gruit
950 2099 1167 2136 difficultas.
1213 2101 1305 2137 Vox
1327 2098 1461 2148 graeca

129 2159 221 2197 540.
280 2153 356 2188 Sed
379 2153 492 2194 vide,
523 2155 589 2194 fis,
621 2155 764 2190 Ernest.

126 2208 317 2245 Teclmol.
355 2209 399 2244 in
435 2222 544 2246 voce.
599 2211 694 2246 Non
723 2211 765 2246 in

125 2266 256 2306 verbis,
282 2265 342 2300 sed
361 2266 404 2300 in
419 2266 587 2300 memhris
601 2265 765 2314 figuram

127 2322 297 2370 agnoscit
332 2322 427 2358 item
476 2322 618 2371 Aquila
651 2325 764 2359 Rom.

126 2391 163 2427 p.
189 2377 345 2413 Ruhnk.
373 2377 463 2423 168.
516 2380 578 2415 De
608 2378 764 2428 παρίσων

126 2434 198 2470 usu
228 2447 344 2482 quem
374 2433 510 2470 habeat
537 2437 764 2472 Demosthe-

128 2503 195 2526 nes
236 2490 367 2525 locum
406 2490 508 2526 lectu
548 2492 763 2538 jucundum

129 2547 270 2581 excitat
316 2546 572 2584 Rulmkenius
619 2549 763 2585 Histor-

128 2600 254 2638 Oratt.
283 2616 320 2651 p.
346 2609 408 2647 74.

187 2669 253 2703 77.
290 2659 348 2694 vel
387 2660 527 2696 iisdem.
585 2661 661 2697 Hic
690 2675 764 2711 ego

127 2714 206 2751 Iani
226 2714 331 2750 nihil
351 2716 527 2765 agnosco.
551 2718 667 2757 ,Dura
684 2732 765 2757 me·

823 2158 1081 2205 confragosum
1110 2156 1286 2206 profecto
1328 2168 1365 2192 et
1400 2158 1460 2192 in-

821 2213 973 2248 suavius
997 2213 1210 2259 subjieitur‚
1241 2212 1347 2267 nxulla
1371 2226 1461 2249 cum

820 2270 1020 2318 prioribus
1061 2270 1319 2306 commiffura.
1376 2271 1462 2307 Nec

821 2326 1012 2362 suffecerit
1046 2326 1292 2374 interponere
1325 2327 1364 2361 id
1398 2324 1461 2375 est.

822 2383 888 2427 (cf.
903 2390 940 2426 5,
960 2395 1018 2422 10,
1035 2385 1119 2430 75.)
1149 2385 1333 2432 Denique
1351 2397 1459 2420 accu-

819 2439 960 2475 sat-,ivus
972 2437 1132 2489 fimilem
1153 2439 1342 2490 —finem
1359 2440 1461 2476 unde

819 2496 1015 2544 penderet,
1028 2509 1144 2531 nemo
1166 2496 1313 2538 docuit,
1336 2507 1372 2532 et
1390 2497 1460 2531 du-

821 2552 1051 2587 bitationem
1076 2552 1197 2588 testati
1220 2554 1304 2589 suxit
1325 2555 1459 2588 Burm.

821 2618 862 2642 et
900 2608 1058 2656 Capper.
1110 2610 1246 2646 ceteris
1301 2609 1461 2661 quidem

823 2664 1187 2702 obmutescentibus,
