1586 2990
271 176 456 224 1Ns·1=.·
485 173 767 224 ORATOR
808 175 927 221 Lm.
975 176 1093 233 vn,
1137 190 1180 223 ρ.
1328 179 1395 233 65

56 309 167 358 Hae
205 308 369 375 porro
411 303 651 352 'actiones
698 299 932 351 constant
984 306 1456 367 comparatione=22

53 381 164 450 ipsa
197 381 519 447 comparatio
561 395 673 427 non
704 394 812 428 una·
854 380 940 428 via
974 377 1202 430 ducitur.
1284 374 1393 430 Aut

55 460 201 509 enim
231 468 396 508 totam
431 454 642 506 causam·
659 455 886 505 nostram
909 473 1032 505 cum
1067 466 1174 506 tota
1204 456 1392 507 adver·

53 533 175 585 sarii
213 533 375 584 causa·
401 533 798 598 componimus,
847 543 937 582 aut
988 532 1188 599 singula
1235 530 1390 600 argu-

53 623 231 664 menta
250 628 376 660 cum
391 607 625 674 lingulis.
654 623 887 674 quorum
907 620 1087 666 utrum
1113 608 1172 659 fit
1193 609 1390 660 facien-

55 689 216 746 dum,
237 705 367 743 ⁴non
387 685 579 752 potest,
618 686 717 735 nisi
740 704 802 734 ex
821 686 979 753 ipsius
1001 687 1110 737 litis
1145 689 1388 746 utilitate,

53 763 322 831 cognosci:
361 774 425 814 ut
448 765 637 819 Cicero
669 763 870 829 singula
896 782 1003 830 pro-
1018 767 1221 816 Vareno
1246 782 1390 814 com-a

51 852 196 908 parat
227 843 287 890 in
338 842 514 907 primo
556 841 806 892 crimine:
844 839 916 889 est
955 841 1099 890 enim
1131 841 1390 914 superior,

51 935 175 968 cum
218 917 439 984 persona
485 918 644 965 alieni
681 935 803 965 cum
845 917 1064 982 persona
1104 920 1284 968 matris
1314 929 1390 967 te-

47 1011 192 1045 mere
235 1005 583 1059 comparetur.
671 997 845 1061 Quare
895 995 1161 1059 optimum
1197 994 1298 1052 est,
1351 994 1389 1044 [i

47 1068 164 1134 fieri
202 1072 463 1138 potuerit,
506 1078 567 1118 ut
598 1067 799 1135 fingula
831 1072 1115 1119 vincantur
1151 1088 1179 1118 a
1212 1070 1390 1137 fingu-

46 1148 137 1198 lis:
178 1147 296 1207 sed,
338 1147 374 1197 si
398 1147 615 1213 quando
656 1148 714 1195 in
746 1148 982 1212 partibus
1014 1148 1388 1206 laborabimus,

46 1220 385 1286 universitate
416 1223 768 1292 pugnandum
813 1223 898 1273 est.
975 1226 1097 1274 Sive
1149 1226 1386 1274 invicem
1401 1237 1454 1275 25

47 1301 309 1363 accusant3
351 1301 458 1352 five
485 1303 685 1350 crimen
708 1318 830 1350 reus
853 1302 978 1350 citra
1003 1300 1386 1352 accusationem

43 1380 104 1428 in
143 1375 500 1439 adversarium
529 1380 710 1436 vertit,
750 1388 809 1427 ut
837 1377 1060 1429 Roscius
1094 1379 1156 1435 in
1185 1379 1386 1431 accusa,-

134 1531 198 1560 22.
242 1537 407 1574 quorum.
467 1524 601 1559 Turic.
634 1522 760 1560 Guelf.
793 1523 926 1571 Camp.
958 1510 1120 1571 quairum.

40 1628 45 1632 η
68 1607 70 1609 .
123 1580 317 1630 superior,
349 1595 438 1616 cum.
498 1580 631 1616 Turic.
650 1579 683 1629 s.
704 1581 811 1614 enim.
853 1578 979 1614 Guelf.
1006 1579 1154 1617 omittit
1172 1589 1333 1621 cum,·ut
1349 1591 1387 1617 et

50 1636 134 1675 edd.
155 1647 242 1671 ante
260 1635 349 1673 Ald.
372 1649 451 1672 exc.
476 1638 608 1684 Camp.
652 1636 807 1670 Habent
827 1650 906 1670 cum
929 1635 1046 1670 Goth.
1070 1647 1107 1671 et
1130 1635 1230 1674 Vall.

131 1702 370 1740 comparetur.
429 1693 559 1733 Turic.
595 1691 721 1728 Guelf.
753 1701 1028 1739 compararetur
1056 1705 1142 1727 cum
1184 1692 1268 1728 edd.
1297 1704 1384 1729 ante

46 1750 156 1785 Rufe.
188 1762 267 1784 exc.
306 1750 437 1799 Camp.
470 1751 582 1784 Tarv.
614 1758 850 1795 comparatur
881 1747 998 1784 Goth.
1059 1750 1130 1783 Per
1159 1750 1192 1784 se
1221 1749 1383 1797 quidem

46 1805 298 1854 praeteritum
320 1797 415 1841 serii
434 1806 580 1855 potest,
600 1800 637 1840 ‘fi
663 1806 766 1839 causa
790 1805 868 1853 ipsa
897 1804 981 1840 talis
1005 1804 1134 1840 fuerit.

55 1857 60 1862 ⁷
125 1864 298 1913 potuerit.
359 1862 422 1898 Sic
453 1862 585 1899 Turic.
626 1860 753 1897 Guelf.
790 1862 920 1909 Camp.
953 1860 1070 1896 Goth.
1113 1866 1212 1904 (tac.
1242 1863 1382 1906 Gesn.)

47 1931 137 1955 cum
158 1917 263 1956 Voss‘.
296 1928 333 1956 2.
364 1917 525 1967 Reliqui
552 1920 700 1966 poterit.
740 1917 786 1952 cf.
812 1921 845 1965 §.
884 1927 946 1966 29.
1064 1917 1078 1936 '⁴
1117 1914 1380 1955 laborabimus.

47 1973 179 2010 Turic-
206 1973 464 2011 laboravimus.
524 1977 656 2024 Camp.
679 1974 889 2009 laboramus
910 1985 999 2008 cum
1020 1973 1139 2009 Goth.
1171 1975 1276 2012 Voff.
1302 1985 1335 2011 2.

135 2038 198 2072 25.
252 2027 312 2078 eft.
351 2032 447 2066 Sive.
505 2032 636 2067 Turic.
668 2029 795 2065 Guelf.
838 2031 970 2077 Camp.
1011 2029 1186 2065 inserunt
1218 2040 1259 2065 ut
1291 2044 1381 2066 cum

52 2084 170 2120 Goth.
202 2085 388 2122 Gesnerus
409 2087 463 2122 At
481 2087 584 2122 eruit
598 2086 711 2124 inde;
743 2085 924 2132 equidem
947 2085 990 2118 in
1018 2083 1093 2119 fine
1114 2086 1236 2120 sensus
1259 2087 1381 2121 totius

50 2149 305 2188 comparentur
324 2141 568 2178 scribendum
591 2143 744 2180 censeo,
772 2153 898 2189 neque
929 2139 1033 2175 enim
1062 2139 1187 2189 placet
1217 2141 1382 2192 abrupta

48 2193 119 2233 issa
136 2196 236 2232 ratio
256 2199 429 2247 rec‘eptae
450 2198 670 2248 scripturae.

106 2331 170 2358 22.
191 2334 314 2370 porro.
340 2322 414 2358 Hic
435 2321 593 2370 quidem
615 2334 684 2371 op·
742 2321 941 2373 ,Gesner-us.
1013 2322 1060 2357 In
1089 2334 1186 2357 voce
1206 2320 1379 2371 superior·

48 2377 188 2428 positio
227 2377 357 2419 nulla,
408 2378 470 2413 sed
503 2378 683 2414 transitus
742 2378 922 2426 equidem
960 2378 1189 2415 Ciceronem
1231 2377 1378 2414 intelli·

51 2433 171 2468 modo
213 2434 258 2468 ad
289 2434 484 2471 ulteriora.
545 2435 592 2471 cf.
635 2442 681 2479 5,
739 2435 909 2481 gendum
949 2435 1102 2475 censeo,
1143 2446 1223 2470 non
1259 2436 1379 2474 Vare-

55 2497 104 2532 ²5
122 2516 132 2531 ,
166 2495 229 2533 40.
738 2503 846 2531 num,
869 2499 913 2526 ut
935 2492 1096 2540 Capper.

105 2543 155 2593 est
177 2547 274 2581 enim
296 2545 476 2596 superior.
536 2549 679 2589 „Haec

47 2601 194 2649 „plane
216 2602 385 2651 intelligi
401 2617 480 2640 non
500 2604 603 2652 poffe
623 2616 681 2639 ar·
797 2612 860 2647 23.
893 2600 952 2650 est.
983 2603 1079 2638 Sive.
1120 2602 1166 2638 cf.
1189 2613 1268 2638 not.
1292 2602 1378 2638 crit,

46 2683 73 2697 ‚,
86 2658 229 2694 bitror:
254 2659 359 2707 quod
387 2673 464 2696 non
494 2664 596 2695 extat
614 2659 682 2695 illa
795 2658 960 2708 Roscius.
1001 2659 1232 2694 Amerinum
1265 2657 1380 2695 intel-

48 2727 157 2763 „pro
179 2715 334 2753 Vareno
357 2716 483 2753 Tuuii
508 2716 644 2753 oratio.
658 2721 684 2738 ‘⁶
740 2715 820 2766 lige
834 2742 843 2757 ‚
874 2727 948 2766 pro
971 2726 1050 2764 quo
1074 2715 1154 2763 egit
1174 2715 1324 2752 Cicero.

109 2783 213 2820 Tom.
239 2786 306 2822 ΙΙΙ.
831 2786 865 2820 Ε

1496 2388 1552 2460 ἰ
