1586 2990
312 199 485 251 1NST,
527 195 807 247 ORATOR.
851 195 972 243 Lm.
1004 192 1095 252 1Χρ
1131 205 1177 251 3.
1319 196 1423 251 447

199 328 285 377 111.
335 326 637 378 Verborum
684 341 814 376 vero
857 320 1054 391 figurae
1102 331 1155 370 et
1191 329 1426 371 mutatae

87 401 211 454 funt
232 403 452 471 semper,
486 414 553 463 et,
581 414 857 469 utcunque
883 402 1051 452 valuit
1076 396 1425 455 consuetudo,

87 492 377 532 mutantur.
483 483 667 546 Itaque
724 479 764 530 fi
806 481 1087 543 antiquum
1126 475 1427 526 sermonem

88 557 272 609 nostro
323 575 715 625 comparemus,
767 573 932 624 paene
971 560 1100 617 iffi,
1154 549 1428 620 quidquid

89 636 384 701 loquimur,
404 633 573 702 figura
592 634 695 685 est:
733 646 811 694 ut,
837 633 933 683 hac
951 651 1006 683 re
1027 633 1272 689 invidere,
1296 646 1428 688 non,

90 722 154 761 ut
178 730 364 763 omnes
399 723 628 772 veteres,
667 722 718 761 et
738 714 925 763 Cicero
952 711 1257 778 praecipue,
1299 706 1428 756 hanc

9 808 83 849 799
93 805 231 842 rem.-
270 800 324 839 et
349 788 632 841 incumbere
656 789 756 849 illi,
796 806 909 840 non
934 791 984 838 in
1005 787 1175 837 illum:
1215 796 1284 846 et,
1316 783 1429 851 ple-

185 964 221 988 ι.
252 959 425 989 mutatae.
476 951 610 990 Turic.
633 950 738 990 Ποῖ.
761 959 894 990 mutae,
1031 949 1099 987 hac
1121 964 1159 987 re
1181 953 1254 988 ἰηυ.
1295 947 1430 986 Turio.

94 1006 230 1045 Ambr.
257 1022 292 1044 ι.
322 1009 373 1054 (a
391 1010 460 1046 sec.
480 1009 547 1045 hic
574 1009 735 1058 quidem
766 1010 910 1054 manu)
939 1006 1033 1043 hano
1061 1021 1136 1044 rem
1159 1010 1184 1045 i.
1216 1020 1306 1044 cum
1325 1005 1432 1043 Alm.

97 1075 136 1100 ct
166 1063 251 1101 edd.
283 1077 303 1099 a
331 1066 431 1104 Jens.
462 1075 548 1100 ante
578 1065 668 1102 Ald.
721 1066 795 1101 Sed
825 1063 928 1101 Flor.
952 1066 990 1098 in
1019 1063 1112 1099 hanc
1133 1078 1210 1100 rem
1239 1065 1263 1099 ἱ.
1295 1066 1343 1108 (a
1361 1063 1432 1100 sec·

93 1132 214 1156 :manu
245 1118 400 1156 tollitur
427 1122 699 1171 praepofitio).
752 1123 887 1170 Camp.
910 1118 1028 1156 Goth.
1062 1122 1160 1165 (tac.
1180 1117 1321 1167 Gesn.)
1350 1118 1434 1153 huic

93 1177 150 1213 ni
177 1177 200 1211 ἰ.
226 1188 316 1211 cum
337 1174 427 1214 Ald.
455 1187 494 1212 et
521 1173 720 1214 eddjanto
750 1177 860 1213 Gesn.
918 1176 1099 1213 Nostram
1129 1176 1274 1213 habent
1302 1172 1433 1211 Guelf-

94 1230 231 1267 ¹Ambr.
256 1237 274 1265 i
300 1229 351 1281 (a
371 1246 431 1283 pr.
453 1245 570 1269 manu
579 1236 610 1278 ).
635 1243 672 1270 2.
703 1248 793 1271 cum
814 1233 921 1272 Voss‘.
949 1247 985 1270 1.
1007 1242 1045 1277 5.
1074 1235 1192 1269 Bern.
1213 1233 1322 1269 Gesn.
1344 1231 1432 1279 Rip,

95 1289 173 1324 Pro
207 1288 372 1324 invidere
398 1290 500 1325 Dan.
529 1290 595 1335 (ef.
622 1291 659 1332 6,
681 1300 719 1332 2,
747 1291 833 1337 ιι.)
856 1290 1047 1329 invadere,
1079 1290 1188 1338 quod
1208 1288 1298 1325 vult
1318 1290 1348 1323 1.
1370 1288 1432 1322 Fr.

97 1344 327 1392 Gronovius
349 1345 397 1381 ad
416 1345 504 1381 Tac.
527 1346 665 1382 Annal.
693 1360 729 1388 ι,
754 1356 819 1382 22.
866 1347 928 1382 An
951 1346 1034 1391 ejus
1053 1346 1179 1394 igitur
1200 1356 1237 1381 et
1255 1345 1321 1381 hic
1342 1356 1433 1379 con·

15 1436 22 1444 ,
97 1399 279 1448 iectura?
449 1416 569 1450 praec.
602 1403 694 1438 hanc
722 1417 809 1439 rem.
861 1402 994 1438 Turio.
1016 1415 1054 1450 p.
1069 1400 1139 1451 sed
1159 1403 1240 1437 huic
1260 1403 1313 1436 rei
1345 1413 1436 1436 cum

97 1457 187 1496 edd.
207 1470 228 1493 a
245 1457 345 1496 Jens.
367 1469 454 1495 ante
476 1458 564 1494 Ald.
612 1473 652 1508 p.
672 1457 709 1510 fi
730 1460 812 1494 huic
835 1461 888 1494 rei
908 1457 1045 1494 Ambr.
1072 1473 1107 1494 ι.
1137 1458 1226 1504 (sed
1249 1458 1374 1494 rasum
1398 1466 1436 1493 et

97 1516 309 1563 repofitum
318 1513 351 1560 ).
390 1516 538 1553 Verum
559 1516 587 1550 F
590 1515 664 1553 lor.
686 1530 724 1564 p.
749 1516 830 1550 huic
848 1517 902 1551 rei
925 1527 1013 1550 cum
1035 1513 1138 1550 Alm.
1159 1515 1224 1558 (cf.
1239 1527 1275 1563 9,
1290 1526 1327 1556 2,
1346 1524 1435 1558 107.

97 1571 195 1606 item
225 1572 358 1618 mox).
403 1571 522 1607 Goth.
545 1573 643 1618 (tac.
665 1573 803 1617 Gesn.)
824 1586 863 1622 p.
893 1571 960 1607 hac
987 1583 1078 1610 rem.
1135 1572 1316 1608 Nostram
1346 1571 1438 1607 dant

100 1626 230 1663 Guelf.
252 1628 385 1676 Camp.
402 1628 533 1665 Ambr.
551 1640 586 1664 2.
607 1641 698 1664 cum
717 1629 821 1667 Voss'.
847 1642 878 1663 ι.
902 1637 941 1671 3.
964 1628 1078 1664 nem.
1100 1638 1138 1663 et
1157 1627 1242 1664 edd.
1261 1629 1307 1665 ab
1321 1627 1436 1664 Aldo.

99 1685 347 1720 Burmannus
369 1683 501 1720 locum
521 1696 624 1721 recte
645 1685 856 1725 constituit,
885 1697 956 1720 nec
980 1694 1107 1721 tamen
1128 1685 1439 1722 emendationem

100 1807 305 1845 Ernestum
362 1807 407 1845 in
475 1807 744 1859 Technologia
799 1809 920 1846 tinuit
936 1810 979 1846 in
997 1810 1131 1852 Livio,
1152 1809 1369 1860 pertinente
1391 1807 1439 1844 ad

103 1867 271 1907 Graeca,
302 1866 368 1902 cui
389 1866 484 1902 adde
508 1867 742 1916 defignatum
798 1875 949 1903 veteres.
979 1868 1090 1913 (vide
1112 1874 1148 1912 4,
1164 1877 1201 1909 2,
1223 1882 1238 1903 1
1253 1874 1315 1912 ¹8-
1336 1868 1379 1903 it.
1399 1872 1438 1910 8,

95 1934 126 1958 na
146 1922 308 1971 Capper.
336 1921 415 1960 Jul.
445 1923 545 1959 Caes.
577 1922 743 1971 Scalige-

103 1989 195 2014 rum
224 1977 271 2013 de
299 1978 455 2013 Poetica
491 1979 563 2015 lib.
593 1988 630 2023 5.
661 1991 743 2028 cap.

169 2103 204 2126 ι.
247 2089 314 2126 hac
350 2102 390 2126 re
428 2110 483 2119 -
520 2089 612 2126 hanc
655 2103 743 2127 rem.

108 2145 250 2183 Multis
282 2146 404 2183 Plinii
434 2147 602 2196 junioris
634 2146 746 2190 loeis,

109 2203 226 2238 etiam
247 2204 407 2251 majoris
428 2204 555 2250 8‚“22.
575 2218 611 2253 p.
626 2206 747 2242 Hard-

112 2263 206 2303 458.
244 2260 387 2301 „bono
426 2263 492 2299 [uo
533 2261 749 2299 invident‘·

111 2315 139 2350 i.
169 2327 201 2350 e.
234 2316 351 2352 nobis.
406 2318 556 2355 Lucani
585 2328 621 2364 7,
654 2325 746 2366 798.

112 2371 237 2409 Tacit.
262 2374 606 2420 Anna1.1,22‚3.
635 2388 748 2425 appa-

112 2440 193 2471 ret,
243 2431 526 2468 tecentioribus
548 2427 748 2482 ΡΙειοῖιίΙΓε

115 2486 359 2524 structuram
393 2478 552 2524 ablativi
603 2487 646 2523 in
693 2500 749 2529 re,

117 2555 233 2591 quam
255 2556 324 2591 pe1
342 2544 599 2580 accusativum
619 2544 750 2579 effere·

115 2597 210 2635 bant
235 2599 374 2635 Cicero
397 2608 433 2635 et
453 2610 613 2637 veteres.
645 2599 692 2636 cf.
715 2610 753 2635 et

117 2655 159 2690 F.
169 2655 213 2692 Δ.
226 2652 395 2691 Wolfius
408 2656 454 2691 ad
467 2656 542 2693 loc.
557 2656 645 2692 Tac.
655 2654 754 2692 item

117 2709 315 2747 Drakenb.
348 2710 393 2746 ad
422 2712 511 2750 Liv.
524 2722 572 2753 Υ2,
593 2718 658 2756 4ο,
690 2725 706 2746 ι
718 2726 754 2757 ι.

119 2767 190 2814 qui
201 2767 403 2804 recti-(Tune
424 2768 680 2805 accusativum
697 2779 755 2803 re·

803 1930 840 1968 5,
860 1925 942 1968 12.)
975 1924 1186 1960 Succedere
1219 1924 1440 1972 genitivum·

800 1977 896 2014 huic
941 1978 1111 2016 ablativo
1149 1992 1219 2029 per
1256 1979 1442 2014 Graecam

801 2035 1006 2077 rationem,
1027 2045 1130 2071 recte
1149 2045 1283 2071 monet
1304 2036 1440 2071 Gesne-

801 2104 868 2127 τηε
891 2092 965 2136 (cf.
981 2093 1014 2140 §.
1035 2094 1126 2135 17.)
1157 2092 1227 2140 qui
1247 2101 1285 2127 et
1306 2092 1442 2127 Gram-

801 2148 986 2183 maticum
999 2149 1167 2198 Caprurn
1189 2147 1320 2184 testem
1336 2148 1444 2183 addit

802 2218 841 2254 p.
867 2203 1018 2240 Putsch.
1038 2211 1159 2252 2239.
1189 2215 1366 2246 „veteres
1387 2223 1445 2232 ·—

803 2260 1017 2302 ‚‚dixerunt
1044 2259 1211 2296 Invideo
1244 2261 1320 2297 tibi
1352 2261 1446 2298 divi·

803 2319 915 2359 „tias,
934 2330 1014 2353 non
1033 2318 1219 2358 diviciis,“
1241 2330 1330 2353 cum
1345 2319 1445 2353 Bur·

804 2385 968 2410 mannua
1003 2374 1183 2410 Nonium
1214 2373 1448 2410 Marcellum

807 2426 1040 2467 exhibuiffet
1061 2443 1140 2479 cap.
1157 2441 1194 2478 9.
1209 2442 1248 2480 p.
1264 2428 1447 2466 Gothofr.

810 2486 902 2530 765.
932 2486 1112 2527 „Invidit
1141 2487 1246 2522 illam
1274 2497 1351 2522 rem
1373 2498 1446 2535 pro

807 2543 903 2583 „illa
935 2548 997 2580 1·.‘e
1065 2543 1112 2578 In
1139 2541 1319 2591 reliquis,
1351 2554 1449 2591 quae

808 2598 876 2634 hic
899 2609 1121 2654 tanguntur,
1142 2599 1340 2635 structuris
1358 2612 1449 2635 con

810 2653 889 2691 sule
920 2655 1065 2693 Lexioe
1088 2665 1126 2691 et
1153 2653 1448 2692 Grammaticos.

811 2708 953 2747 Illud*
928 2724 971 2747 m
983 2710 1059 2747 fine
1082 2714 1294 2763 utinamque
1304 2729 1359 2740 —
1370 2714 1450 2748 vin

813 2775 897 2805 cant
918 2767 1039 2804 limile
1060 2768 1110 2804 est
1141 2767 1230 2807 loco
1257 2781 1275 2805 ι
1301 2769 1389 2806 Pto.
1416 2780 1449 2817 9.
