1586 2990
309 137 473 198 ms‘r.
516 150 792 198 ORATOR.
837 150 960 196 Lm.
995 151 1083 206 lx,
1120 162 1166 194 Ω.
1309 158 1410 210 4⁰9

76 277 458 338 eonformatio:
526 295 649 327 cum
687 279 851 327 etiam'
876 277 986 327 vita
1022 274 1269 325 universa
1302 263 1412 326 iro·-

74 357 218 412 niam
244 356 438 404 habere
459 344 741 415 videatur}
771 355 942 420 qualis
958 352 1028 402 est
1051 353 1158 402 visa
1171 353 1409 403 Socratis.

67 434 219 485 „Nam
248 432 373 482 ideo
406 433 578 482 dictus
614 435 759 496 εἷ’ρων,
806 449 960 498 agens
984 432 1318 496 imperitum,
1359 441 1422 479 et·

77 509 364 560 admirator
399 512 627 560 aliorum
660 521 910 574 tanquam
942 503 1281 574 sapientium:
1333 518 1412 567 ut,

76 586 842 652 quemadmodumoe'xsszyyopiav
877 585 1001 635 facit
1047 587 1298 635 continua
1338 605 1412 650 με·

79 669 288 728 ταφορά,
342 666 409 716 [ic
438 666 542 715 hoc
575 664 780 715 schema
820 663 977 714 faciat
1004 674 1286 729 troporum
1319 665 1413 712 ille

79 753 368 794 contextus.
475 743 743 812 Quaedam
804 757 934 791 vero
995 757 1186 806 genera
1245 740 1409 801 hujus
1427 760 1478 800 47

79 817 277 884 figurae
315 821 519 871 nullam
568 838 695 882 cum¹
733 821 902 885 tropis
952 817 1149 867 habent
1201 815 1415 867 societa-

80 906 219 946 tem:
272 908 332 946 ut
367 898 459 946 illa
502 895 670 945 statim
717 897 913 962 prima,
967 911 1102 959 quae
1151 893 1347 944 dicitur
1388 911 1417 943 a

79 973 352 1039 negando,
411 991 572 1040 quam
610 974 865 1023 nonnulli
903 976 1166 1037 α’ντίφρασιν
1205 982 1417 1032 vocant,

75 1124 196 1175 sermo
226 1127 440 1175 opponitur
454 1125 580 1176 sensui
603 1126 717 1162 etiam
741 1138 778 1174 9,
807 1138 841 1168 1,
871 1140 937 1162 ιι.
985 1124 1088 1161 Alm.
1116 1135 1293 1162 narratur
1326 1128 1416 1163 dare

82 1190 123 1216 uc
138 1184 235 1227 joci.·
260 1182 335 1228 (cf.
357 1183 500 1224 modo,
530 1184 623 1219 item
647 1184 742 1228 83.)
885 1181 1143 1230 conformatio.
1187 1183 1250 1218 Sic
1278 1183 1414 1220 Turic.

79 1236 182 1273 Flor.
205 1237 298 1283 (hic
321 1252 340 1274 a
362 1253 419 1288 pr.
438 1241 583 1284 manu)
617 1241 748 1288 Camp.
781 1253 870 1276 cum
894 1239 992 1275 Alm.
1019 1250 1055 1274 et
1080 1239 1166 1274 edd.
1198 1250 1282 1275 ante
1306 1238 1441 1275 Bam„

81 1305 156 1329 acc.
178 1295 311 1330 Burm.
335 1307 373 1331 et
393 1297 493 1344 seqq.
547 1295 711 1344 Reliqui
734 1293 982 1344 confir-‘matio‚
1007 1295 1052 1330 de
1075 1295 1194 1332 Goth.
1220 1297 1413 1333 tac.Gesn.

107 1382 110 1383 γ
135 1379 139 1382 .
164 1364 254 1387 σιιηι.
306 1351 368 1387 Sic
392 1353 524 1387 Tui-ic.
554 1351 658 1387 Flor.
682 1353 811 1388 Guelf.
840 1352 958 1389 Goth.
988 1353 1086 1396 (tac.
1110 1352 1247 1398 Gesn.)
1280 1353 1413 1402 Camp-

81 1418 170 1441 cum
197 1408 302 1444 Voff.
332 1419 367 1444 2.
421 1407 580 1456 Reliqui
611 1417 697 1443 tum.
952 1407 1135 1443 videatur.
1189 1409 1251 1443 Sic
1282 1409 1417 1446 Turic.

80 1459 185 1498 Flor.
209 1463 336 1499 Guelf.
368 1477 456 1499 cum
479 1463 581 1499 Alm.
604 1463 711 1501 Voss'.
733 1480 776 1505 ,ι.
807 1474 845 1509 5.
878 1463 996 1500 Goth.
1021 1475 1058 1499 et
1089 1464 1174 1500 edd.
1201 1476 1285 1500 ante
1305 1464 1417 1501 Bafil.

81 1531 158 1556 acc.
193 1518 290 1556 Obr.
332 1519 493 1568 Reliqui
521 1521 678 1557 videtur.
899 1518 990 1569 visa.
1050 1521 1112 1556 Sic
1146 1522 1279 1557 Turic.
1312 1521 1418 1558 Flor-

83 1574 211 1611 Guelf.
237 1589 325 1611 cum
343 1577 454 1613 Leid.
480 1576 574 1612 Obr.
598 1579 732 1612 Burm.
754 1587 791 1612 et
816 1576 917 1626 seqq.
974 1575 1156 1625 Reliqui,
1187 1591 1356 1626 quorum
1381 1589 1420 1614 et

83 1633 216 1680 Camp.
229 1659 240 1673 ‚
264 1635 354 1673 vita,
379 1633 424 1669 de
439 1633 556 1669 Goth.
574 1634 669 1673 Jens.
685 1643 754 1669 tac.
771 1633 878 1668 Gesn.
994 1646 1008 1667 ε
1022 1630 1064 1682 ig>
1078 1648 1102 1667 ω
1116 1647 1132 1667 ν
1144 1658 1154 1672 ,
1186 1647 1312 1681 agens.
1354 1636 1418 1671 Sic

82 1688 216 1724 Turic·
238 1687 342 1725 Flor.
370 1689 504 1724 Ambr.
532 1704 565 1724 1.
587 1701 622 1725 2.
645 1689 772 1725 Guelf.
795 1702 882 1724 eum
902 1687 1005 1725 Alm.
1064 1689 1224 1738 Reliqui
1244 1691 1420 1728 inserunt

83 1744 123 1779 id
153 1740 214 1792 efi-
403 1755 605 1792 troporum.
661 1746 794 1782 Turic.
835 1744 939 1782 Flor.
973 1746 1107 1782 Ambr.
1143 1761 1176 1781 1.
1210 1758 1246 1782 2.
1287 1747 1417 1784 Guelf.

20 1840 23 1842 ,
83 1808 213 1848 tropos
232 1814 320 1837 cum
342 1803 476 1838 Ioauu.
494 1801 595 1837 Alm.
621 1803 726 1840 Voss'.
746 1817 778 1837 1.
802 1810 840 1845 3.
865 1812 902 1836 et
924 1802 1008 1837 edd.
1034 1814 1118 1838 ante
1141 1802 1248 1840 Bam.
1289 1813 1418 1853 tropus

83 1857 215 1906 Camp.
247 1871 335 1893 cum
358 1860 470 1894 Bern.
499 1858 617 1895 Goth.
642 1859 744 1896 Voff.
772 1870 808 1894 2.
840 1859 972 1893 Turio.
997 1857 1095 1896 Vall.
1118 1870 1285 1908 utroque
1307 1874 1326 1895 a
1348 1862 1417 1898 see.

81 1925 211 1948 manu.
264 1915 448 1950 Nostrum
473 1915 644 1963 reposuit
665 1915 823 1962 Regius.
1021 1924 1222 1950 contextus.
1282 1918 1417 1954 Turic.

82 1977 253 2003 ext-ectus.
296 1972 388 2006 Non
410 1970 580 2004 alienum
603 1971 709 2017 quod
731 1970 849 2005 Goth.
873 1983 959 2004 cum
982 1971 1087 2007 Voff.
1112 1982 1147 2006 2.
1168 1984 1241 2020 pro
1271 1981 1311 2007 ut
1332 1984 1417 2009 ante

84 2027 288 2072 quemadm.
312 2026 376 2061 dat
406 2034 462 2065 et,
504 2037 577 2073 pro
604 2024 728 2072 saciat
755 2036 883 2060 autem
905 2025 1025 2073 faciet
1053 2027 1176 2074 prior.
1235 2030 1311 2064 Pro
1341 2028 1419 2066 hoo

79 2077 176 2126 facit
203 2081 334 2128 Camp.
366 2093 403 2117 et
426 2080 530 2116 Alm.

174 2141 237 2180 47.
269 2135 569 2185 ἆντίῶρασιν
596 2150 675 2172 voc.
733 2136 795 2171 Sic
825 2136 957 2171 Turic.
987 2135 1090 2173 Flor.
1124 2138 1251 2174 Guelf.
1285 2139 1419 2192 Camp.

86 2204 175 2227 cum
191 2192 310 2228 Goth.
331 2192 433 2228 Alm.
455 2192 567 2230 colb.
589 2193 693 2232 Voff.
712 2205 746 2229 1.
768 2201 805 2236 5.
846 2192 1006 2240 Reliqui
1033 2208 1068 2229 v.
1099 2193 1361 2239 ἀπόφασιν.

146 2314 210 2360 46.
249 2312 410 2365 εἴρων,
451 2329 575 2365 agens.
630 2318 724 2353 Non

89 2372 248 2420 quidem
279 2372 396 2408 latina
430 2385 528 2408 voce
564 2373 723 2408 reddere

90 2426 214 2475 εἴρωνα
245 2427 377 2464 voluit
410 2429 484 2475 Qu.
518 2428 610 2464 haec
642 2430 724 2464 sub-

89 2484 248 2531 jiciens,
290 2483 351 2519 sed
383 2484 596 2532 designare,
629 2486 723 2533 quid

91 2540 260 2575 maxime
288 2540 463 2576 faciendo
484 2553 625 2576 nomen
647 2541 723 2576 hoc

90 2597 280 2632 meruerit
319 2597 504 2632 Socrates.
574 2597 723 2633 Iudicat

91 2650 177 2688 loca
210 2653 252 2687 in
277 2652 376 2687 hanc
405 2665 486 2688 rem
522 2652 720 2689 Ciceronis

91 2707 319 2745 Philander·
340 2708 386 2745 de
437 2708 543 2746 Orat.
580 2719 617 2752 2,
655 2709 720 2755 67.

780 2317 959 2353 Academ.
990 2327 1026 2359 2,
1061 2326 1096 2362 5.
1138 2319 1209 2355 ubi
1236 2321 1419 2359 Davisius

781 2387 860 2409 non
888 2374 1098 2410 immemor
1127 2377 1258 2411 nostri.
1319 2379 1418 2415 Satis

783 2439 958 2478 apparet,
1018 2431 1198 2479 copulam
1251 2442 1288 2468 et
1331 2446 1418 2472 aute

781 2487 878 2521 adna.
903 2498 982 2522 non
1010 2487 1080 2522 effe
1101 2489 1218 2523 tertio
1238 2488 1327 2525 loco
1346 2503 1418 2539 po-

780 2543 910 2582 fitam,
962 2542 1020 2577 sed
1060 2543 1248 2585 secundo;
1303 2545 1416 2583 malis
1455 2582 1457 2584 .

780 2608 906 2634 tamen
930 2598 1082 2635 fortasse
1115 2600 1389 2638 admiratorem.

837 2660 900 2698 47.
948 2651 1250 2703 &veloque-zv.
1318 2659 1417 2700 „Est

775 2707 927 2760 „figura
948 2711 1166 2755 sententiae,
1194 2726 1284 2751 cum
1301 2726 1415 2767 quae·
