<?xml version="1.0" encoding="UTF-8"?>
<!DOCTYPE html PUBLIC "-//W3C//DTD XHTML 1.0 Transitional//EN"
    "http://www.w3.org/TR/xhtml1/DTD/xhtml1-transitional.dtd">
<html xmlns="http://www.w3.org/1999/xhtml" xml:lang="en" lang="en">
 <head>
  <title>
</title>
<meta http-equiv="Content-Type" content="text/html;charset=utf-8" />
  <meta name='ocr-system' content='tesseract 3.04.00' />
  <meta name='ocr-capabilities' content='ocr_page ocr_carea ocr_par ocr_line ocrx_word'/>
</head>
<body>
  <div class='ocr_page' id='page_1' title='image "./lexiconquintilia03bonnuoft_0017.png"; bbox 0 0 1586 2990; ppageno 0'>
   <div class='ocr_carea' id='block_1_1' title="bbox 495 162 1419 213">
    <p class='ocr_par' dir='ltr' id='par_1_1' title="bbox 495 162 1419 213">
     <span class='ocr_line' id='line_1_1' title="bbox 495 162 1419 213; baseline -0.005 -3"><span class='ocrx_word' id='word_1_1' title='bbox 495 190 498 194; x_wconf 39' lang='lat'>*</span> <span class='ocrx_word' id='word_1_2' title='bbox 538 162 959 213; x_wconf 57' lang='lat' dir='ltr'>LECTURTS..</span> <span class='ocrx_word' id='word_1_3' title='bbox 996 189 1032 209; x_wconf 54' lang='lat'>2·</span> <span class='ocrx_word' id='word_1_4' title='bbox 1362 174 1419 206; x_wconf 70' lang='grc' dir='ltr'>χι</span> 
     </span>
    </p>
   </div>
   <div class='ocr_carea' id='block_1_2' title="bbox 64 288 1418 347">
    <p class='ocr_par' dir='ltr' id='par_1_2' title="bbox 64 288 1418 347">
     <span class='ocr_line' id='line_1_2' title="bbox 64 288 1418 347; baseline -0.007 -8"><span class='ocrx_word' id='word_1_5' title='bbox 64 295 186 339; x_wconf 73' lang='lat' dir='ltr'>&#39;nare</span> <span class='ocrx_word' id='word_1_6' title='bbox 215 293 439 347; x_wconf 51' lang='grc' dir='ltr'>«ὑσμῖναί</span> <span class='ocrx_word' id='word_1_7' title='bbox 459 288 510 332; x_wconf 85' lang='lat' dir='ltr'>id</span> <span class='ocrx_word' id='word_1_8' title='bbox 541 290 650 333; x_wconf 87' lang='lat' dir='ltr'>adeo</span> <span class='ocrx_word' id='word_1_9' title='bbox 682 301 853 333; x_wconf 81' lang='lat' dir='ltr'>certum</span> <span class='ocrx_word' id='word_1_10' title='bbox 879 302 973 334; x_wconf 87' lang='lat' dir='ltr'>non</span> <span class='ocrx_word' id='word_1_11' title='bbox 1003 288 1073 332; x_wconf 90' lang='lat' dir='ltr'>est.</span> <span class='ocrx_word' id='word_1_12' title='bbox 1111 289 1167 332; x_wconf 83' lang='lat' dir='ltr'>cf.</span> <span class='ocrx_word' id='word_1_13' title='bbox 1197 300 1242 340; x_wconf 92' lang='lat'>7,</span> <span class='ocrx_word' id='word_1_14' title='bbox 1275 301 1319 341; x_wconf 79' lang='lat'>2,</span> <span class='ocrx_word' id='word_1_15' title='bbox 1347 296 1418 341; x_wconf 77' lang='lat'>15.</span> 
     </span>
    </p>
   </div>
   <div class='ocr_carea' id='block_1_3' title="bbox 87 378 316 419">
    <p class='ocr_par' dir='ltr' id='par_1_3' title="bbox 87 378 316 419">
     <span class='ocr_line' id='line_1_3' title="bbox 87 378 316 419; baseline 0 0"><span class='ocrx_word' id='word_1_16' title='bbox 87 378 316 419; x_wconf 75' lang='lat' dir='ltr'>convertit.</span> 
     </span>
    </p>
   </div>
   <div class='ocr_carea' id='block_1_4' title="bbox 50 449 1422 685">
    <p class='ocr_par' dir='ltr' id='par_1_4' title="bbox 50 449 1422 685">
     <span class='ocr_line' id='line_1_4' title="bbox 227 449 1422 530; baseline -0.006 -10"><span class='ocrx_word' id='word_1_17' title='bbox 227 489 272 530; x_wconf 87' lang='lat'>7,</span> <span class='ocrx_word' id='word_1_18' title='bbox 302 490 344 526; x_wconf 76' lang='lat'>2,</span> <span class='ocrx_word' id='word_1_19' title='bbox 369 481 444 530; x_wconf 66' lang='lat'>5⁴3,</span> <span class='ocrx_word' id='word_1_20' title='bbox 490 479 635 518; x_wconf 84' lang='lat' dir='ltr'>Locus</span> <span class='ocrx_word' id='word_1_21' title='bbox 655 472 733 515; x_wconf 86' lang='lat' dir='ltr'>hic</span> <span class='ocrx_word' id='word_1_22' title='bbox 760 473 974 530; x_wconf 72' lang='lat' dir='ltr'>appositus</span> <span class='ocrx_word' id='word_1_23' title='bbox 1003 449 1226 515; x_wconf 73' lang='lat' dir='ltr'>Iuvenalis</span> <span class='ocrx_word' id='word_1_24' title='bbox 1251 472 1422 514; x_wconf 83' lang='lat' dir='ltr'>alienus</span> 
     </span>
     <span class='ocr_line' id='line_1_5' title="bbox 50 554 1422 618; baseline -0.004 -17"><span class='ocrx_word' id='word_1_25' title='bbox 50 572 53 581; x_wconf 68' lang='lat'><strong>⁴</strong></span> <span class='ocrx_word' id='word_1_26' title='bbox 88 561 257 618; x_wconf 76' lang='lat' dir='ltr'>plane,</span> <span class='ocrx_word' id='word_1_27' title='bbox 293 558 342 600; x_wconf 91' lang='lat' dir='ltr'>in</span> <span class='ocrx_word' id='word_1_28' title='bbox 371 572 458 616; x_wconf 90' lang='lat' dir='ltr'>quo</span> <span class='ocrx_word' id='word_1_29' title='bbox 497 557 545 599; x_wconf 88' lang='lat' dir='ltr'>id</span> <span class='ocrx_word' id='word_1_30' title='bbox 583 556 726 614; x_wconf 84' lang='lat' dir='ltr'>ipsum</span> <span class='ocrx_word' id='word_1_31' title='bbox 764 566 969 613; x_wconf 80' lang='lat' dir='ltr'>urgetur,</span> <span class='ocrx_word' id='word_1_32' title='bbox 1014 557 1134 614; x_wconf 85' lang='lat' dir='ltr'>quod</span> <span class='ocrx_word' id='word_1_33' title='bbox 1161 554 1422 612; x_wconf 84' lang='lat' dir='ltr'>impugnare</span> 
     </span>
     <span class='ocr_line' id='line_1_6' title="bbox 91 622 812 685; baseline 0.004 -2"><span class='ocrx_word' id='word_1_34' title='bbox 91 642 222 685; x_wconf 86' lang='lat' dir='ltr'>docet</span> <span class='ocrx_word' id='word_1_35' title='bbox 250 641 405 684; x_wconf 86' lang='lat' dir='ltr'>noster.</span> <span class='ocrx_word' id='word_1_36' title='bbox 806 622 812 627; x_wconf 16' lang='grc' dir='ltr'><strong>ᾖ</strong></span> 
     </span>
    </p>
   </div>
   <div class='ocr_carea' id='block_1_5' title="bbox 91 739 1425 881">
    <p class='ocr_par' dir='ltr' id='par_1_5' title="bbox 91 739 1425 881">
     <span class='ocr_line' id='line_1_7' title="bbox 228 739 1425 798; baseline -0.006 -11"><span class='ocrx_word' id='word_1_37' title='bbox 228 755 273 795; x_wconf 88' lang='lat'>7,</span> <span class='ocrx_word' id='word_1_38' title='bbox 299 754 342 795; x_wconf 89' lang='lat'>3,</span> <span class='ocrx_word' id='word_1_39' title='bbox 367 754 444 795; x_wconf 80' lang='lat'>30.</span> <span class='ocrx_word' id='word_1_40' title='bbox 490 742 773 789; x_wconf 85' lang='lat' dir='ltr'><strong>Tollendum,</strong></span> <span class='ocrx_word' id='word_1_41' title='bbox 805 741 924 798; x_wconf 82' lang='lat' dir='ltr'>quod</span> <span class='ocrx_word' id='word_1_42' title='bbox 945 739 1135 797; x_wconf 85' lang='lat' dir='ltr'><strong>neglexi,</strong></span> <span class='ocrx_word' id='word_1_43' title='bbox 1157 740 1214 782; x_wconf 83' lang='lat' dir='ltr'>est</span> <span class='ocrx_word' id='word_1_44' title='bbox 1235 742 1304 782; x_wconf 84' lang='lat' dir='ltr'>An</span> <span class='ocrx_word' id='word_1_45' title='bbox 1323 749 1425 780; x_wconf 85' lang='lat' dir='ltr'>ante</span> 
     </span>
     <span class='ocr_line' id='line_1_8' title="bbox 91 821 1425 881; baseline -0.004 -14"><span class='ocrx_word' id='word_1_46' title='bbox 91 827 347 867; x_wconf 77' lang='lat' dir='ltr'>amatorium</span> <span class='ocrx_word' id='word_1_47' title='bbox 379 823 638 877; x_wconf 84' lang='lat' dir='ltr'>(manifesta</span> <span class='ocrx_word' id='word_1_48' title='bbox 669 821 829 866; x_wconf 70' lang='lat' dir='ltr'>erroris</span> <span class='ocrx_word' id='word_1_49' title='bbox 859 821 1056 878; x_wconf 82' lang='lat' dir='ltr'>origine)</span> <span class='ocrx_word' id='word_1_50' title='bbox 1091 836 1194 864; x_wconf 88' lang='lat' dir='ltr'>cum</span> <span class='ocrx_word' id='word_1_51' title='bbox 1222 821 1425 881; x_wconf 78' lang='lat' dir='ltr'>sequatur</span> 
     </span>
    </p>
   </div>
   <div class='ocr_carea' id='block_1_6' title="bbox 91 899 1098 964">
    <p class='ocr_par' dir='ltr' id='par_1_6' title="bbox 91 899 1098 964">
     <span class='ocr_line' id='line_1_9' title="bbox 91 899 1098 964; baseline -0.002 -16"><span class='ocrx_word' id='word_1_52' title='bbox 91 921 230 948; x_wconf 80' lang='lat' dir='ltr'>necne.</span> <span class='ocrx_word' id='word_1_53' title='bbox 272 906 327 947; x_wconf 87' lang='lat' dir='ltr'>cf.</span> <span class='ocrx_word' id='word_1_54' title='bbox 350 905 484 946; x_wconf 89' lang='lat' dir='ltr'>modo</span> <span class='ocrx_word' id='word_1_55' title='bbox 512 907 552 959; x_wconf 70' lang='lat'>§-</span> <span class='ocrx_word' id='word_1_56' title='bbox 579 911 653 954; x_wconf 80' lang='lat'>28.</span> <span class='ocrx_word' id='word_1_57' title='bbox 681 918 740 945; x_wconf 84' lang='lat' dir='ltr'>an</span> <span class='ocrx_word' id='word_1_58' title='bbox 768 918 888 945; x_wconf 85' lang='lat' dir='ltr'>amor·</span> <span class='ocrx_word' id='word_1_59' title='bbox 909 899 1098 964; x_wconf 83' lang='lat' dir='ltr'>insania.</span> 
     </span>
    </p>
   </div>
   <div class='ocr_carea' id='block_1_7' title="bbox 91 1001 1428 1312">
    <p class='ocr_par' dir='ltr' id='par_1_7' title="bbox 91 1001 1428 1312">
     <span class='ocr_line' id='line_1_10' title="bbox 227 1001 1428 1062; baseline -0.002 -14"><span class='ocrx_word' id='word_1_60' title='bbox 227 1018 271 1058; x_wconf 90' lang='lat'>7,</span> <span class='ocrx_word' id='word_1_61' title='bbox 292 1014 339 1060; x_wconf 80' lang='lat'>4,</span> <span class='ocrx_word' id='word_1_62' title='bbox 364 1008 439 1057; x_wconf 81' lang='lat'>56.</span> <span class='ocrx_word' id='word_1_63' title='bbox 498 1003 644 1045; x_wconf 80' lang='lat' dir='ltr'>Etiam</span> <span class='ocrx_word' id='word_1_64' title='bbox 686 1002 897 1047; x_wconf 69' lang='lat' dir='ltr'>Nicotaus</span> <span class='ocrx_word' id='word_1_65' title='bbox 933 1005 1072 1045; x_wconf 86' lang='lat' dir='ltr'>Faber</span> <span class='ocrx_word' id='word_1_66' title='bbox 1106 1001 1191 1062; x_wconf 87' lang='lat' dir='ltr'>(ad</span> <span class='ocrx_word' id='word_1_67' title='bbox 1214 1006 1428 1046; x_wconf 86' lang='lat' dir='ltr'><strong>Senecam</strong></span> 
     </span>
     <span class='ocr_line' id='line_1_11' title="bbox 92 1072 1428 1147; baseline -0.001 -18"><span class='ocrx_word' id='word_1_68' title='bbox 92 1098 204 1145; x_wconf 85' lang='lat' dir='ltr'>patr.</span> <span class='ocrx_word' id='word_1_69' title='bbox 238 1102 279 1144; x_wconf 91' lang='lat' dir='ltr'>p.</span> <span class='ocrx_word' id='word_1_70' title='bbox 308 1097 416 1139; x_wconf 80' lang='lat'>233.</span> <span class='ocrx_word' id='word_1_71' title='bbox 450 1086 518 1128; x_wconf 89' lang='lat' dir='ltr'>ed.</span> <span class='ocrx_word' id='word_1_72' title='bbox 551 1072 683 1127; x_wconf 80' lang='lat' dir='ltr'>Paris.</span> <span class='ocrx_word' id='word_1_73' title='bbox 720 1085 893 1143; x_wconf 83' lang='lat'>1613.)</span> <span class='ocrx_word' id='word_1_74' title='bbox 929 1084 1109 1142; x_wconf 84' lang='lat' dir='ltr'>reponit</span> <span class='ocrx_word' id='word_1_75' title='bbox 1137 1080 1347 1147; x_wconf 75' lang='lat' dir='ltr'>inscripti.</span> <span class='ocrx_word' id='word_1_76' title='bbox 1391 1087 1428 1128; x_wconf 84' lang='lat' dir='ltr'>A</span> 
     </span>
     <span class='ocr_line' id='line_1_12' title="bbox 91 1162 1428 1229; baseline -0.001 -19"><span class='ocrx_word' id='word_1_77' title='bbox 91 1170 207 1211; x_wconf 85' lang='lat' dir='ltr'>Flor.</span> <span class='ocrx_word' id='word_1_78' title='bbox 245 1179 391 1210; x_wconf 84' lang='lat' dir='ltr'>autem</span> <span class='ocrx_word' id='word_1_79' title='bbox 426 1165 654 1210; x_wconf 80' lang='lat' dir='ltr'>manifesto</span> <span class='ocrx_word' id='word_1_80' title='bbox 688 1166 922 1211; x_wconf 72' lang='lat' dir='ltr'>exhibetur</span> <span class='ocrx_word' id='word_1_81' title='bbox 962 1183 1020 1210; x_wconf 84' lang='lat' dir='ltr'>an</span> <span class='ocrx_word' id='word_1_82' title='bbox 1062 1162 1312 1229; x_wconf 77' lang='lat' dir='ltr'>inscriptum</span> <span class='ocrx_word' id='word_1_83' title='bbox 1347 1181 1428 1224; x_wconf 91' lang='lat' dir='ltr'>pro</span> 
     </span>
     <span class='ocr_line' id='line_1_13' title="bbox 91 1245 608 1312; baseline -0.002 -20"><span class='ocrx_word' id='word_1_84' title='bbox 91 1251 268 1307; x_wconf 74' lang='lat' dir='ltr'>vulgato</span> <span class='ocrx_word' id='word_1_85' title='bbox 299 1264 356 1291; x_wconf 85' lang='lat' dir='ltr'>an</span> <span class='ocrx_word' id='word_1_86' title='bbox 382 1245 608 1312; x_wconf 80' lang='lat' dir='ltr'>scriptum.</span> 
     </span>
    </p>
   </div>
   <div class='ocr_carea' id='block_1_8' title="bbox 92 1350 1430 1496">
    <p class='ocr_par' dir='ltr' id='par_1_8' title="bbox 92 1350 1430 1496">
     <span class='ocr_line' id='line_1_14' title="bbox 230 1350 1430 1410; baseline 0 -16"><span class='ocrx_word' id='word_1_87' title='bbox 230 1363 275 1403; x_wconf 93' lang='lat'>7,</span> <span class='ocrx_word' id='word_1_88' title='bbox 298 1358 345 1405; x_wconf 73' lang='lat'>4,</span> <span class='ocrx_word' id='word_1_89' title='bbox 369 1359 448 1406; x_wconf 76' lang='lat'>40.</span> <span class='ocrx_word' id='word_1_90' title='bbox 496 1351 778 1394; x_wconf 87' lang='lat' dir='ltr'>Florentinus</span> <span class='ocrx_word' id='word_1_91' title='bbox 801 1351 849 1393; x_wconf 86' lang='lat' dir='ltr'>id</span> <span class='ocrx_word' id='word_1_92' title='bbox 876 1350 1019 1408; x_wconf 79' lang='lat' dir='ltr'>ipsum</span> <span class='ocrx_word' id='word_1_93' title='bbox 1044 1353 1130 1402; x_wconf 82' lang='lat' dir='ltr'>dat,</span> <span class='ocrx_word' id='word_1_94' title='bbox 1167 1353 1287 1410; x_wconf 88' lang='lat' dir='ltr'>quod</span> <span class='ocrx_word' id='word_1_95' title='bbox 1309 1362 1430 1409; x_wconf 81' lang='lat' dir='ltr'>opta-</span> 
     </span>
     <span class='ocr_line' id='line_1_15' title="bbox 92 1428 1207 1496; baseline 0.003 -21"><span class='ocrx_word' id='word_1_96' title='bbox 92 1433 219 1482; x_wconf 83' lang='lat' dir='ltr'>bam,</span> <span class='ocrx_word' id='word_1_97' title='bbox 254 1434 376 1492; x_wconf 82' lang='lat' dir='ltr'><em>cujus</em></span> <span class='ocrx_word' id='word_1_98' title='bbox 402 1434 522 1489; x_wconf 80' lang='lat' dir='ltr'>apud</span> <span class='ocrx_word' id='word_1_99' title='bbox 550 1450 614 1475; x_wconf 79' lang='lat' dir='ltr'>me</span> <span class='ocrx_word' id='word_1_100' title='bbox 633 1428 806 1496; x_wconf 83' lang='lat' dir='ltr'>summa</span> <span class='ocrx_word' id='word_1_101' title='bbox 833 1435 919 1475; x_wconf 87' lang='lat' dir='ltr'>sme</span> <span class='ocrx_word' id='word_1_102' title='bbox 949 1435 1018 1490; x_wconf 71' lang='grc' dir='ltr'>τῷ</span> <span class='ocrx_word' id='word_1_103' title='bbox 1046 1436 1207 1478; x_wconf 76' lang='lat' dir='ltr'>merito.</span> 
     </span>
    </p>
   </div>
   <div class='ocr_carea' id='block_1_9' title="bbox 94 1535 1430 1680">
    <p class='ocr_par' dir='ltr' id='par_1_9' title="bbox 94 1535 1430 1680">
     <span class='ocr_line' id='line_1_16' title="bbox 231 1535 1430 1593; baseline 0.003 -17"><span class='ocrx_word' id='word_1_104' title='bbox 231 1544 276 1586; x_wconf 90' lang='lat'>7,</span> <span class='ocrx_word' id='word_1_105' title='bbox 311 1536 357 1586; x_wconf 87' lang='grc'>6,</span> <span class='ocrx_word' id='word_1_106' title='bbox 393 1537 438 1578; x_wconf 87' lang='grc'>6.</span> <span class='ocrx_word' id='word_1_107' title='bbox 481 1546 612 1578; x_wconf 82' lang='lat' dir='ltr'>notae</span> <span class='ocrx_word' id='word_1_108' title='bbox 654 1535 900 1592; x_wconf 77' lang='lat' dir='ltr'>exegeticae</span> <span class='ocrx_word' id='word_1_109' title='bbox 934 1539 1076 1587; x_wconf 85' lang='lat' dir='ltr'>major</span> <span class='ocrx_word' id='word_1_110' title='bbox 1110 1550 1210 1593; x_wconf 85' lang='lat' dir='ltr'>pars</span> <span class='ocrx_word' id='word_1_111' title='bbox 1243 1537 1430 1579; x_wconf 87' lang='lat' dir='ltr'>debebat</span> 
     </span>
     <span class='ocr_line' id='line_1_17' title="bbox 94 1613 1107 1680; baseline 0.002 -22"><span class='ocrx_word' id='word_1_112' title='bbox 94 1614 320 1658; x_wconf 82' lang='lat' dir='ltr'>transferri</span> <span class='ocrx_word' id='word_1_113' title='bbox 353 1616 410 1658; x_wconf 87' lang='lat' dir='ltr'>ad</span> <span class='ocrx_word' id='word_1_114' title='bbox 437 1619 477 1672; x_wconf 78' lang='lat'>§.</span> <span class='ocrx_word' id='word_1_115' title='bbox 505 1625 547 1668; x_wconf 82' lang='lat'>8.</span> <span class='ocrx_word' id='word_1_116' title='bbox 588 1617 675 1680; x_wconf 65' lang='lat' dir='ltr'>Qui</span> <span class='ocrx_word' id='word_1_117' title='bbox 702 1627 824 1660; x_wconf 80' lang='lat' dir='ltr'>nocte</span> <span class='ocrx_word' id='word_1_118' title='bbox 850 1632 943 1658; x_wconf 85' lang='lat' dir='ltr'>cum</span> <span class='ocrx_word' id='word_1_119' title='bbox 963 1613 1107 1678; x_wconf 81' lang='lat' dir='ltr'>ferro.</span> 
     </span>
    </p>
   </div>
   <div class='ocr_carea' id='block_1_10' title="bbox 94 1718 1430 1859">
    <p class='ocr_par' dir='ltr' id='par_1_10' title="bbox 94 1718 1430 1859">
     <span class='ocr_line' id='line_1_18' title="bbox 233 1718 1428 1769; baseline 0.003 -10"><span class='ocrx_word' id='word_1_120' title='bbox 233 1729 277 1769; x_wconf 89' lang='lat'>7,</span> <span class='ocrx_word' id='word_1_121' title='bbox 317 1733 391 1769; x_wconf 82' lang='lat' dir='ltr'>ro,</span> <span class='ocrx_word' id='word_1_122' title='bbox 435 1720 506 1761; x_wconf 86' lang='lat'>16.</span> <span class='ocrx_word' id='word_1_123' title='bbox 552 1720 637 1760; x_wconf 87' lang='lat' dir='ltr'>Pro</span> <span class='ocrx_word' id='word_1_124' title='bbox 660 1719 964 1761; x_wconf 84' lang='lat' dir='ltr'>elaborandum</span> <span class='ocrx_word' id='word_1_125' title='bbox 995 1734 1097 1761; x_wconf 88' lang='lat' dir='ltr'>cum</span> <span class='ocrx_word' id='word_1_126' title='bbox 1128 1718 1281 1762; x_wconf 87' lang='lat' dir='ltr'>Turic.</span> <span class='ocrx_word' id='word_1_127' title='bbox 1314 1721 1428 1763; x_wconf 89' lang='lat' dir='ltr'>Flor.</span> 
     </span>
     <span class='ocr_line' id='line_1_19' title="bbox 94 1800 1430 1859; baseline 0.003 -19"><span class='ocrx_word' id='word_1_128' title='bbox 94 1801 185 1853; x_wconf 87' lang='lat' dir='ltr'>(me</span> <span class='ocrx_word' id='word_1_129' title='bbox 196 1803 386 1853; x_wconf 84' lang='lat' dir='ltr'>tacente)</span> <span class='ocrx_word' id='word_1_130' title='bbox 408 1800 595 1843; x_wconf 86' lang='lat' dir='ltr'>debebat</span> <span class='ocrx_word' id='word_1_131' title='bbox 613 1800 768 1859; x_wconf 86' lang='lat' dir='ltr'>reponi</span> <span class='ocrx_word' id='word_1_132' title='bbox 786 1801 1082 1844; x_wconf 78' lang='lat' dir='ltr'>laborandum.</span> <span class='ocrx_word' id='word_1_133' title='bbox 1117 1801 1171 1843; x_wconf 81' lang='lat' dir='ltr'>cf.</span> <span class='ocrx_word' id='word_1_134' title='bbox 1194 1803 1334 1853; x_wconf 78' lang='lat' dir='ltr'>ssPro.</span> <span class='ocrx_word' id='word_1_135' title='bbox 1357 1818 1372 1842; x_wconf 91' lang='lat'><strong>1</strong></span> <span class='ocrx_word' id='word_1_136' title='bbox 1386 1810 1430 1854; x_wconf 88' lang='lat'>5.</span> 
     </span>
    </p>
   </div>
   <div class='ocr_carea' id='block_1_11' title="bbox 97 1900 1433 2045">
    <p class='ocr_par' dir='ltr' id='par_1_11' title="bbox 97 1900 1433 2045">
     <span class='ocr_line' id='line_1_20' title="bbox 169 1900 1433 1967; baseline 0.002 -21"><span class='ocrx_word' id='word_1_137' title='bbox 169 1900 172 1903; x_wconf 44' lang='lat'><strong><em>¹</em></strong></span> <span class='ocrx_word' id='word_1_138' title='bbox 234 1912 279 1955; x_wconf 83' lang='grc'>8,</span> <span class='ocrx_word' id='word_1_139' title='bbox 317 1918 360 1953; x_wconf 81' lang='lat'>2,</span> <span class='ocrx_word' id='word_1_140' title='bbox 394 1917 466 1958; x_wconf 84' lang='lat'>13.</span> <span class='ocrx_word' id='word_1_141' title='bbox 514 1906 636 1967; x_wconf 75' lang='lat' dir='ltr'>ficut</span> <span class='ocrx_word' id='word_1_142' title='bbox 669 1909 712 1948; x_wconf 83' lang='lat' dir='ltr'>in</span> <span class='ocrx_word' id='word_1_143' title='bbox 747 1909 814 1948; x_wconf 81' lang='lat' dir='ltr'>his</span> <span class='ocrx_word' id='word_1_144' title='bbox 846 1931 915 1939; x_wconf 91' lang='lat'>---</span> <span class='ocrx_word' id='word_1_145' title='bbox 951 1909 1131 1951; x_wconf 83' lang='lat' dir='ltr'>Taurus.</span> <span class='ocrx_word' id='word_1_146' title='bbox 1217 1906 1433 1949; x_wconf 83' lang='lat' dir='ltr'>Videntur</span> 
     </span>
     <span class='ocr_line' id='line_1_21' title="bbox 97 1984 1432 2045; baseline 0.003 -19"><span class='ocrx_word' id='word_1_147' title='bbox 97 1985 209 2027; x_wconf 81' lang='lat' dir='ltr'>haec</span> <span class='ocrx_word' id='word_1_148' title='bbox 241 1984 300 2028; x_wconf 85' lang='lat' dir='ltr'>ita</span> <span class='ocrx_word' id='word_1_149' title='bbox 331 1985 601 2037; x_wconf 85' lang='lat' dir='ltr'>ordinanda,</span> <span class='ocrx_word' id='word_1_150' title='bbox 645 1991 784 2041; x_wconf 82' lang='lat' dir='ltr'>ejecto</span> <span class='ocrx_word' id='word_1_151' title='bbox 815 1998 863 2030; x_wconf 74' lang='lat' dir='ltr'>uc</span> <span class='ocrx_word' id='word_1_152' title='bbox 890 1988 982 2045; x_wconf 83' lang='lat' dir='ltr'>post</span> <span class='ocrx_word' id='word_1_153' title='bbox 1008 1998 1249 2031; x_wconf 83' lang='lat' dir='ltr'>vocantur:</span> <span class='ocrx_word' id='word_1_154' title='bbox 1297 1990 1370 2038; x_wconf 66' lang='lat'>„12</span> <span class='ocrx_word' id='word_1_155' title='bbox 1401 1987 1432 2030; x_wconf 86' lang='lat' dir='ltr'>i.</span> 
     </span>
    </p>
   </div>
   <div class='ocr_carea' id='block_1_12' title="bbox 40 2066 1232 2123">
    <p class='ocr_par' dir='ltr' id='par_1_12' title="bbox 40 2066 1232 2123">
     <span class='ocr_line' id='line_1_22' title="bbox 40 2066 1232 2123; baseline 0.006 -18"><span class='ocrx_word' id='word_1_156' title='bbox 40 2078 43 2083; x_wconf 89' lang='lat'>·</span> <span class='ocrx_word' id='word_1_157' title='bbox 101 2066 182 2113; x_wconf 89' lang='lat' dir='ltr'>„h.</span> <span class='ocrx_word' id='word_1_158' title='bbox 196 2094 208 2111; x_wconf 92' lang='lat'><em>‚</em></span> <span class='ocrx_word' id='word_1_159' title='bbox 237 2080 350 2122; x_wconf 85' lang='lat' dir='ltr'>quae</span> <span class='ocrx_word' id='word_1_160' title='bbox 370 2069 622 2123; x_wconf 70' lang='lat' dir='ltr'>homonyma</span> <span class='ocrx_word' id='word_1_161' title='bbox 640 2080 853 2110; x_wconf 75' lang='lat' dir='ltr'>vocantur</span> <span class='ocrx_word' id='word_1_162' title='bbox 866 2100 879 2119; x_wconf 89' lang='lat'>‚</span> <span class='ocrx_word' id='word_1_163' title='bbox 922 2071 1086 2111; x_wconf 81' lang='lat' dir='ltr'>Taurus</span> <span class='ocrx_word' id='word_1_164' title='bbox 1109 2080 1190 2112; x_wconf 90' lang='lat' dir='ltr'>cet.</span> <span class='ocrx_word' id='word_1_165' title='bbox 1204 2077 1232 2095; x_wconf 93' lang='lat'>“</span> 
     </span>
    </p>
   </div>
   <div class='ocr_carea' id='block_1_13' title="bbox 102 2173 1443 2804">
    <p class='ocr_par' dir='ltr' id='par_1_13' title="bbox 102 2173 1443 2804">
     <span class='ocr_line' id='line_1_23' title="bbox 236 2173 1436 2232; baseline 0.005 -22"><span class='ocrx_word' id='word_1_166' title='bbox 236 2177 282 2220; x_wconf 82' lang='lat'>3,</span> <span class='ocrx_word' id='word_1_167' title='bbox 313 2182 355 2219; x_wconf 70' lang='grc' dir='ltr'>Ω,</span> <span class='ocrx_word' id='word_1_168' title='bbox 394 2179 466 2222; x_wconf 85' lang='lat'>¹8·</span> <span class='ocrx_word' id='word_1_169' title='bbox 529 2174 669 2215; x_wconf 77' lang='lat' dir='ltr'>Tanto</span> <span class='ocrx_word' id='word_1_170' title='bbox 715 2174 870 2215; x_wconf 77' lang='lat' dir='ltr'>melior.</span> <span class='ocrx_word' id='word_1_171' title='bbox 938 2173 1173 2231; x_wconf 86' lang='lat' dir='ltr'>Propriam</span> <span class='ocrx_word' id='word_1_172' title='bbox 1212 2173 1436 2232; x_wconf 72' lang='lat' dir='ltr'>imprimis</span> 
     </span>
     <span class='ocr_line' id='line_1_24' title="bbox 102 2250 1435 2314; baseline 0.008 -25"><span class='ocrx_word' id='word_1_173' title='bbox 102 2250 183 2290; x_wconf 80' lang='lat' dir='ltr'>effe</span> <span class='ocrx_word' id='word_1_174' title='bbox 211 2250 483 2293; x_wconf 88' lang='lat' dir='ltr'>locutionem</span> <span class='ocrx_word' id='word_1_175' title='bbox 513 2251 620 2310; x_wconf 87' lang='lat' dir='ltr'>(ubi</span> <span class='ocrx_word' id='word_1_176' title='bbox 648 2253 914 2306; x_wconf 83' lang='lat' dir='ltr'>adjectivum</span> <span class='ocrx_word' id='word_1_177' title='bbox 935 2256 1073 2312; x_wconf 85' lang='lat' dir='ltr'>potest</span> <span class='ocrx_word' id='word_1_178' title='bbox 1093 2255 1234 2314; x_wconf 88' lang='lat' dir='ltr'>accipi</span> <span class='ocrx_word' id='word_1_179' title='bbox 1257 2271 1338 2314; x_wconf 88' lang='lat' dir='ltr'>pro</span> <span class='ocrx_word' id='word_1_180' title='bbox 1359 2270 1435 2299; x_wconf 78' lang='lat' dir='ltr'>vo·</span> 
     </span>
     <span class='ocr_line' id='line_1_25' title="bbox 103 2329 1436 2387; baseline 0.008 -16"><span class='ocrx_word' id='word_1_181' title='bbox 103 2329 276 2384; x_wconf 78' lang='lat' dir='ltr'>cativo)</span> <span class='ocrx_word' id='word_1_182' title='bbox 311 2332 543 2375; x_wconf 84' lang='lat' dir='ltr'>admonuit</span> <span class='ocrx_word' id='word_1_183' title='bbox 575 2349 646 2375; x_wconf 87' lang='lat' dir='ltr'>me</span> <span class='ocrx_word' id='word_1_184' title='bbox 691 2334 1004 2379; x_wconf 80' lang='lat' dir='ltr'>eruditisfimus</span> <span class='ocrx_word' id='word_1_185' title='bbox 1051 2339 1308 2387; x_wconf 68' lang='lat' dir='ltr'>Schaferus,</span> <span class='ocrx_word' id='word_1_186' title='bbox 1363 2340 1436 2380; x_wconf 89' lang='lat' dir='ltr'>de-</span> 
     </span>
     <span class='ocr_line' id='line_1_26' title="bbox 103 2413 1437 2476; baseline 0.006 -24"><span class='ocrx_word' id='word_1_187' title='bbox 103 2413 344 2454; x_wconf 82' lang='lat' dir='ltr'>monstrans</span> <span class='ocrx_word' id='word_1_188' title='bbox 372 2414 684 2459; x_wconf 83' lang='lat' dir='ltr'>Schwarzium</span> <span class='ocrx_word' id='word_1_189' title='bbox 716 2418 772 2459; x_wconf 89' lang='lat' dir='ltr'>de</span> <span class='ocrx_word' id='word_1_190' title='bbox 803 2419 955 2460; x_wconf 88' lang='lat' dir='ltr'>eadem</span> <span class='ocrx_word' id='word_1_191' title='bbox 988 2431 1192 2476; x_wconf 85' lang='lat' dir='ltr'>agentem</span> <span class='ocrx_word' id='word_1_192' title='bbox 1223 2421 1280 2461; x_wconf 84' lang='lat' dir='ltr'>ad</span> <span class='ocrx_word' id='word_1_193' title='bbox 1301 2418 1437 2461; x_wconf 88' lang='lat' dir='ltr'>Plinii</span> 
     </span>
     <span class='ocr_line' id='line_1_27' title="bbox 103 2492 1438 2558; baseline 0.006 -23"><span class='ocrx_word' id='word_1_194' title='bbox 103 2492 267 2550; x_wconf 86' lang='lat' dir='ltr'>Paneg.</span> <span class='ocrx_word' id='word_1_195' title='bbox 296 2508 334 2538; x_wconf 90' lang='lat' dir='ltr'>c.</span> <span class='ocrx_word' id='word_1_196' title='bbox 360 2506 436 2547; x_wconf 85' lang='lat'>71.</span> <span class='ocrx_word' id='word_1_197' title='bbox 467 2512 510 2552; x_wconf 91' lang='lat' dir='ltr'>p.</span> <span class='ocrx_word' id='word_1_198' title='bbox 534 2505 594 2549; x_wconf 84' lang='lat'>35</span> <span class='ocrx_word' id='word_1_199' title='bbox 605 2510 643 2539; x_wconf 69' lang='grc' dir='ltr'>Ω.</span> <span class='ocrx_word' id='word_1_200' title='bbox 692 2499 876 2555; x_wconf 85' lang='lat' dir='ltr'>Ablegat</span> <span class='ocrx_word' id='word_1_201' title='bbox 891 2499 966 2542; x_wconf 83' lang='lat' dir='ltr'>ille</span> <span class='ocrx_word' id='word_1_202' title='bbox 987 2511 1030 2542; x_wconf 90' lang='lat' dir='ltr'>et</span> <span class='ocrx_word' id='word_1_203' title='bbox 1051 2499 1142 2558; x_wconf 81' lang='lat' dir='ltr'>ipse</span> <span class='ocrx_word' id='word_1_204' title='bbox 1166 2502 1221 2543; x_wconf 87' lang='lat' dir='ltr'>ad</span> <span class='ocrx_word' id='word_1_205' title='bbox 1243 2503 1438 2543; x_wconf 78' lang='lat' dir='ltr'>Gronov.</span> 
     </span>
     <span class='ocr_line' id='line_1_28' title="bbox 107 2573 1437 2634; baseline 0.005 -18"><span class='ocrx_word' id='word_1_206' title='bbox 107 2574 314 2618; x_wconf 81' lang='lat' dir='ltr'>Observv.</span> <span class='ocrx_word' id='word_1_207' title='bbox 341 2589 383 2623; x_wconf 82' lang='lat'>2,</span> <span class='ocrx_word' id='word_1_208' title='bbox 411 2589 487 2620; x_wconf 80' lang='lat'>21.</span> <span class='ocrx_word' id='word_1_209' title='bbox 515 2593 557 2634; x_wconf 88' lang='lat' dir='ltr'>p.</span> <span class='ocrx_word' id='word_1_210' title='bbox 581 2582 693 2630; x_wconf 86' lang='lat'>306.</span> <span class='ocrx_word' id='word_1_211' title='bbox 740 2581 795 2623; x_wconf 84' lang='lat' dir='ltr'>cf.</span> <span class='ocrx_word' id='word_1_212' title='bbox 830 2573 1086 2623; x_wconf 81' lang='lat' dir='ltr'>Heumanni</span> <span class='ocrx_word' id='word_1_213' title='bbox 1115 2581 1293 2624; x_wconf 86' lang='lat' dir='ltr'>Poecile</span> <span class='ocrx_word' id='word_1_214' title='bbox 1314 2585 1366 2624; x_wconf 91' lang='grc' dir='ltr'>Τ.</span> <span class='ocrx_word' id='word_1_215' title='bbox 1397 2595 1437 2623; x_wconf 77' lang='lat'>2.</span> 
     </span>
     <span class='ocr_line' id='line_1_29' title="bbox 103 2658 1440 2716; baseline 0.005 -20"><span class='ocrx_word' id='word_1_216' title='bbox 103 2670 147 2711; x_wconf 88' lang='lat' dir='ltr'>p.</span> <span class='ocrx_word' id='word_1_217' title='bbox 180 2663 285 2708; x_wconf 80' lang='lat'>183.</span> <span class='ocrx_word' id='word_1_218' title='bbox 340 2658 587 2701; x_wconf 87' lang='lat' dir='ltr'>Gemellum</span> <span class='ocrx_word' id='word_1_219' title='bbox 609 2662 739 2716; x_wconf 87' lang='lat' dir='ltr'>plane</span> <span class='ocrx_word' id='word_1_220' title='bbox 760 2661 866 2704; x_wconf 85' lang='lat' dir='ltr'>huic</span> <span class='ocrx_word' id='word_1_221' title='bbox 892 2662 1104 2705; x_wconf 87' lang='lat' dir='ltr'>laudandi</span> <span class='ocrx_word' id='word_1_222' title='bbox 1126 2664 1341 2705; x_wconf 84' lang='lat' dir='ltr'>formulae</span> <span class='ocrx_word' id='word_1_223' title='bbox 1367 2663 1440 2711; x_wconf 83' lang='lat' dir='ltr'>eft,</span> 
     </span>
     <span class='ocr_line' id='line_1_30' title="bbox 107 2736 1443 2804; baseline 0.009 -27"><span class='ocrx_word' id='word_1_224' title='bbox 107 2738 229 2794; x_wconf 84' lang='lat' dir='ltr'>quod</span> <span class='ocrx_word' id='word_1_225' title='bbox 257 2736 357 2780; x_wconf 82' lang='lat' dir='ltr'>Itali</span> <span class='ocrx_word' id='word_1_226' title='bbox 384 2754 505 2784; x_wconf 88' lang='lat' dir='ltr'>nunc</span> <span class='ocrx_word' id='word_1_227' title='bbox 537 2756 714 2801; x_wconf 76' lang='lat' dir='ltr'>quoque</span> <span class='ocrx_word' id='word_1_228' title='bbox 747 2743 990 2788; x_wconf 84' lang='lat' dir='ltr'>artificibus</span> <span class='ocrx_word' id='word_1_229' title='bbox 1013 2745 1154 2788; x_wconf 81' lang='lat' dir='ltr'>solent</span> <span class='ocrx_word' id='word_1_230' title='bbox 1180 2747 1443 2804; x_wconf 72' lang='lat' dir='ltr'>plaudentes</span> 
     </span>
    </p>
   </div>
  </div>
 </body>
</html>
