1586 2990
270 220 331 262 28
562 209 634 253 M.
681 209 812 255 FAB.
863 207 1265 270 QU1NT1L1AN1

266 346 399 396 quae
422 330 458 379 fi
493 333 691 381 animos
718 332 1013 395 occupavit,
1050 348 1212 396 prope
1248 349 1395 382 aures
1421 330 1558 397 ipsae

264 405 552 456 defensioni
594 406 1013 471 praecluduntur.
1090 409 1148 453 In
1184 416 1354 456 totum
1383 418 1559 456 autem

262 483 590 546 congregatio
645 482 924 529 criminum
970 473 1287 528 accusantem
1335 482 1559 543 adjuvat,

260 553 507 622 separatio
549 555 924 603 defendentem.
1011 556 1246 604 Solebam
1290 556 1370 613 id,
1413 555 1559 620 quod

260 631 374 679 fieri
399 642 448 679 et
469 634 526 679 in
545 631 857 695 argumentis
887 631 1019 688 dixi,
1057 632 1113 678 in
1141 641 1245 680 tota
1265 629 1430 679 facere
1452 647 1559 678 ma-

257 709 412 764 teria,
461 717 522 755 ut
561 704 863 770 propositis,
907 717 1044 754 extra
1085 723 1214 770 quae
1255 706 1392 754 nihil
1425 703 1559 764 estet,

254 851 354 890 fecto
387 862 406 882 a
439 846 653 895 corruptela
686 848 902 896 scripturae.
959 847 1072 894 Quod
1108 847 1154 882 de
1180 840 1358 882 sententia
1389 846 1559 883 dubitari

252 904 356 952 poffe
376 913 486 950 negat
506 903 707 943 Gesnerus,
738 903 780 938 id
801 918 846 939 ne
867 903 988 951 ipsum
1011 902 1166 950 quidem
1188 902 1270 938 satis
1292 901 1558 938 confirmatum

251 958 417 994 videtur.
476 959 563 991 Huc
585 958 740 1004 quidem
765 960 889 994 redire
923 972 1004 992 eam
1039 958 1244 994 arbita-atur
1269 957 1336 992 ille
1368 957 1557 1005 (reliquis

253 1012 622 1051 obmutescentibus,
659 1027 727 1048 nec
768 1013 887 1048 ullam
923 1013 1183 1049 difficultatem
1226 1013 1470 1055 testantibus)
1512 1020 1557 1048 ut

251 1067 431 1103 confessio
453 1068 579 1116 (quod
594 1065 687 1112 fecit
707 1065 782 1103 scil.
803 1069 1056 1108 adversarius,
1091 1069 1235 1104 dictum
1266 1068 1480 1108 duriffime,
1511 1079 1556 1103 ut

229 1117 358 1158 'Ge-sn.
389 1123 465 1170 ipse
496 1123 634 1162 censet,
674 1137 744 1171 pro
775 1137 842 1159 eo:
881 1124 981 1170 quod
1014 1125 1139 1159 seciffe
1170 1123 1423 1159 adversarium
1453 1124 1555 1158 inter

250 1189 458 1228 utrumque
480 1176 693 1224 litigantem
714 1180 922 1221 convenit)
957 1179 1105 1214 dicatur
1125 1191 1398 1225 nonnunquam
1419 1188 1553 1226 poten·

249 1234 328 1269 tior
355 1231 439 1267 fieri
463 1233 505 1267 in
526 1234 807 1281 propositione;
838 1234 897 1268 sed
923 1234 1026 1269 addit
1057 1235 1125 1269 tali
1151 1233 1417 1282 propositione,
1448 1234 1474 1267 fi
1495 1245 1554 1267 ac-

247 1289 393 1323 cusator
415 1286 681 1323 confeffionem
699 1290 900 1325 adversarii
923 1301 1132 1338 proponat,
1155 1301 1322 1337 premat,
1352 1288 1552 1336 partiendo

245 1353 392 1391 augeat.
448 1345 534 1378 Hoc
574 1354 697 1379 tamen
728 1359 840 1392 quam
883 1345 1054 1392 precario
1086 1343 1170 1385 fiat,
1212 1344 1449 1394 manifestum
1490 1345 1550 1380 est.

244 1398 329 1434 Nec
359 1397 514 1437 sufficit,
546 1411 761 1447 quanquam
790 1401 1004 1448 ingeniosa,
1037 1397 1158 1435 Crussi
1192 1400 1407 1444 conjectura
1439 1412 1549 1446 repo·

243 1454 370 1490 nentis
407 1453 523 1488 laedit
558 1467 628 1500 pro
659 1454 773 1501 fecit,
816 1454 973 1504 probata
1003 1455 1163 1489 Gesnero
1200 1454 1414 1498 (Py-obabb.
1451 1454 1548 1489 critt.

243 1521 284 1558 1³.
313 1519 377 1555 91.
410 1510 500 1555 92.)
558 1509 820 1545 Conferendus
848 1510 888 1543 in
911 1510 1046 1556 primis
1083 1522 1170 1544 cum
1200 1509 1326 1543 nostro
1359 1509 1408 1544 est
1442 1509 1550 1545 locus

247 1573 270 1607 5
286 1591 294 1604 ‚
321 1573 390 1606 13,
421 1575 480 1598 12.
509 1568 568 1605 15.
598 1565 745 1610 14.*ubi
767 1565 885 1600 multa
905 1565 1008 1599 hisce
1031 1567 1105 1611 (Μ.
1127 1575 1188 1611 29.
1213 1574 1276 1606 50.
1296 1567 1378 1608 51.)
1399 1566 1549 1613 respon·

245 1619 372 1653 dentia
393 1619 577 1653 invenies.
638 1621 739 1654 I'Iaec
770 1620 1004 1667 comparanti
1033 1621 1228 1667 apparebit
1260 1618 1550 1661 multitudinem

244 1673 510 1708 membrorum
538 1674 578 1707 in
600 1676 858 1722 propositione
883 1675 951 1709 essb
979 1675 1020 1709 id
1049 1675 1194 1723 ipsum,
1226 1674 1327 1722 quod
1354 1672 1549 1710 interdum

245 1729 449 1763 accusatori
467 1728 677 1763 conducere
700 1730 857 1765 dicatur.
917 1730 1030 1774 Quod
1062 1741 1104 1764 ut
1133 1730 1262 1764 existat
1287 1730 1422 1770 nobis,
1451 1729 1549 1764 ulte-

244 1784 349 1820 riore
369 1783 580 1819 mutatione
603 1797 697 1831 opus
719 1785 787 1824 est,
817 1784 924 1819 velut
953 1783 1037 1819 tali:
1074 1785 1173 1819 Nam
1204 1785 1301 1834 quod
1331 1785 1465 1824 laedit,
1495 1786 1550 1820 ita

245 1852 319 1874 non
338 1853 371 1872 n.
393 1853 429 1885 p.
443 1837 476 1884 f.
501 1841 524 1873 i.
547 1854 584 1885 p.
626 1840 683 1873 Ita
711 1842 807 1887 (pio
829 1841 892 1882 id)
913 1839 1184 1887 significabit„
1197 1853 1263 1878 eo,
1296 1853 1372 1888 quo
1393 1841 1547 1880 ostendi,

245 1893 400 1935 ,modo
421 1895 615 1940 partiendo
636 1896 766 1942 multip
754 1896 946 1930 vlicatunzf
1016 1896 1229 1930 Plemendo
1250 1896 1413 1942 piimam
1440 1894 1548 1930 illam

245 1950 374 1983 Tmic.
408 1949 628 1996 101Η1Ρ111111111
658 1949 731 1984 hoc
767 1951 958 1989 ciuimus;
990 1951 1158 1998 Namque
1186 1949 1276 1994 (vel
1299 1951 1398 1985 Nam
1418 1949 1548 1999 quafi)

245 2018 372 2038 cneum
406 2005 458 2038 ita
490 2004 642 2039 dicendo
673 2019 706 2039 η.
738 2019 771 2039 n.
807 2020 845 2052 p.
871 2005 907 2052 f.
939 2007 961 2039 ἱ.
992 2020 1028 2052 p.
1089 2006 1313 2052 Quanquam
1345 2005 1547 2054 displiceie

244 2059 365 2107 potest
393 2059 560 2094 defectus
589 2059 767 2104 subjecti,
799 2061 866 2094 nisi
893 2061 991 2094 forte
1022 2061 1122 2094 dicas
1151 2059 1320 2108 intelligi
1346 2061 1387 2096 in
1410 2073 1547 2108 genere

245 2113 502 2162 quodcunque
528 2114 744 2159 objicimus.
803 2114 1030 2151 Insolentius
1062 2114 1293 2150 vccabulum
1324 2115 1448 2150 fraudi
1476 2117 1547 2152 effe

243 2179 404 2217 poterat.
462 2169 645 2215 Legimus
678 2180 804 2204 antem
836 2182 882 2217 9,
909 2176 951 2213 4,
984 2170 1070 2204 126.
1108 2184 1181 2210 11,
1207 2179 1253 2212 5,
1279 2179 1365 2206 102.
1395 2171 1546 2207 dicendo

243 2237 312 2272 per
332 2223 603 2270 compendium
626 2234 662 2258 et
683 2225 856 2271 sequente
878 2225 1054 2272 protinus
1085 2237 1158 2259 non
1183 2224 1293 2258 facile
1321 2224 1547 2261 obliteraba-

243 2282 336 2314 tur)
378 2277 450 2322 (cf.
475 2277 521 2317 6,
554 2286 599 2319 5,
631 2279 726 2322 71.)
918 2280 1115 2326 occupavit.
1173 2279 1233 2313 Sic
1257 2279 1386 2315 Turio.
1415 2281 1545 2328 Camp.

245 2346 333 2367 cum
357 2332 472 2368 Goth.
507 2343 541 2367 2.
572 2330 670 2369 Vall.
703 2343 739 2367 et
769 2332 851 2368 edd.
883 2343 966 2368 ante
998 2332 1082 2367 Ald.
1114 2333 1254 2376 (Goth.
1296 2348 1328 2369 1.
1351 2344 1388 2369 et
1418 2335 1542 2370 Guelf-

245 2388 396 2423 confuse
417 2387 569 2426 notavi,
600 2386 660 2421 sed
692 2387 855 2435 suspicor
884 2399 919 2422 et
946 2388 1046 2436 ipsos
1069 2387 1237 2423 nostrum
1259 2389 1384 2432 dare).
1440 2389 1544 2424 Reli·

244 2443 315 2490 qui
335 2443 517 2488 occuparit
551 2455 597 2477 ex
617 2443 730 2489 Regii
755 2444 982 2488 conjectura.
1156 2442 1264 2491 ipsae.
1324 2444 1385 2478 Sic
1413 2444 1541 2479 Turic-

244 2497 368 2533 Guelf.
401 2496 516 2532 Goth.
548 2500 634 2541 (tac.
662 2497 786 2542 Gesn.)
818 2511 903 2531 cnm
923 2497 1038 2533 Goth.
1062 2507 1095 2532 2.
1125 2497 1231 2533 Bafil.
1255 2498 1411 2546 Reliqui
1437 2497 1515 2547 ipfi.

325 2561 412 2588 mat.
444 2560 483 2586 ιιι·
511 2565 615 2599 prop.
675 2553 804 2588 Turic.
838 2551 962 2588 Guelf.
1003 2553 1133 2600 Camp.
1172 2553 1355 2589 omittunt
1386 2559 1543 2588 utcum

240 2607 356 2642 Goth.
377 2617 414 2642 et
434 2606 516 2642 edd.
539 2618 623 2642 ante
643 2606 728 2643 Ald.
872 2607 966 2656 eſjec.
1002 2607 1130 2644 Turic.
1154 2609 1199 2652 (a
1219 2621 1276 2657 pr.
1298 2608 1438 2653 manu)
1462 2605 1540 2657 effi.

320 2698 357 2730 in
380 2697 603 2744 argumentis
628 2695 716 2730 dixi.
750 2701 785 2739 5,
821 2707 893 2735 10,
928 2695 977 2731 66
1002 2695 1100 2743 seqq.
