1586 2990
133 206 190 237 10
434 193 506 261 Μ.
549 192 681 238 FAB.
723 190 1129 252 quma-mmm

124 331 219 379 per
247 304 480 379 Petitoris
517 315 728 363 arbitrio
766 314 1049 363 diceretur:
1092 313 1335 380 denique
1363 317 1423 364 in

125 389 443 443 accusatione
466 401 663 446 mutua,
704 407 821 437 cum
846 388 896 436 se
918 399 1137 452 uterque
1165 390 1421 448 defendat,

122 466 424 528 priusquam
458 464 802 512 adversarium
831 474 1030 527 arguat,
1069 467 1306 513 omnium
1338 483 1417 513 re·
1429 481 1504 518 εει

121 555 242 587 rum
271 537 461 586 neceffe
492 539 563 586 est
597 539 834 587 ordinem
861 537 955 586 effe
991 539 1267 588 diversum.
1321 542 1421 605 Igi-

121 623 231 669 tur,
293 614 421 677 quid
474 613 580 678 ipse
623 613 715 661 fim
758 612 985 671 secutus,
1045 614 1189 677 quod.
1234 617 1421 679 partim

119 692 424 753 praeceptis,
462 692 650 753 partim
676 687 980 752 usurpatum
1001 690 1206 737 ratione'
1227 707 1420 754 cogno-

119 780 318 819 veram,
364 781 623 828 promam:
686 780 781 810 nec
818 780 1050 827 unquam
1072 763 1416 814 *diffimulavL

83 841 237 886 4Erat
276 840 408 885 mihi
449 855 599 886 curae
635 840 693 886 in
733 837 1091 887 contr-overfiis
1129 836 1419 889 forensibus

115 910 254 961 nosse
282 915 473 970 omnia,
505 930 634 977 quae
658 915 715 960 in
737 912 881 960 causa
905 911 1240 962 versarentur.
1278 915 1418 964 Nam

113 989 166 1034 in
194 986 365 1035 schola
395 998 528 1035 certa
554 987 697 1044 sun-t,
736 998 785 1034 et
807 1005 991 1051 pauca,
1031 997 1081 1033 et
1103 997 1218 1035 ante
1251 988 1416 1037 decla-

112 1063 395 1110 mationem
435 1074 796 1126 exponuntur,
853 1078 984 1125 quae
1019 1067 1191 1124 θέματα
1235 1065 1415 1112 Graeci

112 1149 324 1194 vocant,
359 1139 539 1186 Cicero
559 1135 834 1207 proposita.
887 1139 1024 1187 Cum
1053 1139 1177 1186 haec
1205 1140 1262 1187 in
1291 1151 1414 1204 cons-

110 1211 287 1275 spectu
313 1212 703 1276 quodammodo
737 1213 1134 1270 collocaveram,
1172 1231 1280 1262 non
1311 1215 1413 1262 mi-

108 1304 207 1336 nus
230 1303 326 1352 pro
350 1287 556 1336 adversa
581 1297 749 1352 parte,
789 1303 944 1352 quam
969 1305 1065 1353 pro
1097 1305 1236 1346 mea,
1272 1290 1411 1354 cogi-

189 1438 324 1468 mutua,
355 1424 449 1466 cum.¹
499 1429 628 1463 Turio.
650 1428 774 1464 Guelf.
799 1430 927 1476 Camp.
951 1438 990 1464 ut
1007 1444 1155 1466 vacuum
1178 1443 1263 1465 cum
1293 1431 1407 1468 Goth.

107 1484 210 1522 Voss.
236 1496 269 1518 2.
300 1482 400 1519 Alm.
431 1483 541 1518 Bodl.
563 1482 661 1522 Vall.
690 1483 807 1519 Andr.
830 1495 866 1519 et
887 1484 968 1518 edd.
992 1496 1076 1519 ante
1102 1486 1188 1521 Ald.
1211 1485 1284 1529 (de
1310 1486 1406 1524 Jens.

109 1552 178 1573 err.
206 1540 338 1582 Gesn.)
366 1552 516 1573 vacuum
535 1548 576 1573 ut
603 1537 682 1574 Bal.
730 1547 852 1573 mutua
879 1547 918 1572 ut
942 1553 1092 1574 vacuum
1110 1540 1195 1576 Ald.
1219 1543 1291 1584 (ex
1319 1554 1406 1576 con-

104 1593 250 1640 jectura
268 1594 407 1640 Regii)
435 1593 524 1629 Bad.
554 1589 610 1642 l'ff·
641 1594 718 1628 Bas.
770 1602 891 1628 mutua
919 1603 959 1628 ut
983 1594 1074 1630 Bad.
1097 1597 1162 1631 fec.
1196 1595 1340 1643 Gryph.
1371 1606 1408 1631 et

107 1649 190 1683 edd.
214 1659 296 1683 aute
325 1648 418 1683 Obr.
611 1647 797 1695 diversum.
855 1650 984 1684 Turic-
1014 1650 1137 1685 Guelf.
1163 1650 1276 1686 Goth.
1309 1652 1403 1694 (tac.

106 1705 240 1748 Gesn.)
269 1704 397 1750 Camp.
433 1702 584 1751 diffisum.
614 1716 700 1738 cum
724 1702 826 1738 Voss'.
850 1713 884 1738 2.
909 1702 1006 1739 vall.
1056 1704 1100 1740 cf.
1132 1704 1324 1741 Drakenb.
1358 1704 1405 1739 ad

102 1758 192 1792 Liv.
222 1771 282 1797 ιο,
306 1766 369 1801 53,
397 1771 455 1792 ιο.
674 1758 771 1805 quid.
830 1758 959 1793 Turic.
991 1758 1112 1794 Guelf.
1149 1761 1276 1806 Camp.
1306 1760 1404 1808 quod

104 1824 191 1847 cum
213 1812 326 1848 Goth.
342 1811 439 1848 Vall.
456 1823 491 1847 et
504 1813 586 1847 edd.
600 1823 683 1848 ante
698 1812 787 1847 Bad.
808 1813 874 1846 sec.
891 1813 1031 1859 Regius
1051 1813 1205 1850 volebat
1221 1815 1401 1851 nostrum.
1421 1850 1426 1855 ,

187 1867 273 1915 ipse.
332 1867 393 1902 Sic
423 1869 551 1902 Turio.
585 1867 708 1908 Guelf.
738 1868 867 1914 Camp.
898 1881 984 1902 cum
1009 1868 1122 1902 Goth.
1150 1869 1247 1904 Vall.
1298 1869 1402 1903 Reli-

102 1924 171 1970 qui
199 1935 277 1969 ego.
434 1921 518 1970 fim.
573 1921 695 1957 Guelf.
717 1922 810 1959 Jens.
837 1923 1061 1966 (tac.Gefn.)
1083 1922 1166 1970 sum
1185 1937 1270 1959 cum
1284 1924 1398 1961 Goth.

99 1977 197 2014 Vall.
229 1988 264 2012 et
294 1976 376 2012 edd.
409 1987 492 2011 ante
520 1977 610 2012 Bad.
643 1977 708 2011 fec.
740 1976 881 2022 Regius
913 1978 1087 2012 correxit.
1147 1979 1218 2012 Sed
1247 1980 1292 2013 fic
1323 1980 1401 2024 jam

100 2033 192 2067 Tur.
225 2034 353 2079 Camp.
575 2031 647 2079 sec,
678 2032 784 2078 quod.
842 2032 936 2068 Jens.
969 2035 1063 2076 (tac.
1094 2034 1225 2077 Gesn.)
1255 2033 1402 2070 omittit

99 2088 303 2135 quodcum
327 2087 409 2121 cdd.
440 2097 522 2120 ante
544 2086 630 2120 Ald.
661 2086 809 2120 dantem
833 2085 866 2133 s.
897 2089 968 2134 qui.
1025 2087 1207 2124 Nostrum
1232 2089 1400 2138 reposuit

96 2143 252 2189 Regius.
295 2142 367 2175 Sed
391 2141 439 2175 est
459 2141 501 2175 in
522 2142 628 2176 MSS.
651 2142 763 2176 etiam
786 2140 883 2180 Vall.
906 2152 943 2177 et
964 2143 1092 2190 Camp.

153 2258 188 2292 5.
232 2252 269 2284 in
312 2249 536 2298 accusatione
583 2260 716 2286 mutua.
775 2261 902 2286 torum
925 2262 962 2286 et
983 2250 1154 2299 usurpata
1176 2263 1394 2294 oratorum:

94 2306 209 2339 Recte
247 2304 450 2338 Philander
489 2304 635 2352 ablegat
673 2306 719 2340 ad
772 2306 831 2340 scd
879 2306 943 2341 vel
988 2306 1078 2340 haec
1127 2309 1268 2342 ratione
1312 2309 1396 2342 sunt

93 2357 181 2394 libr.
207 2368 243 2402 3.
284 2359 354 2395 ubi
385 2359 475 2394 vide
504 2372 574 2395 nos
606 2360 653 2394 ad
685 2373 716 2396 e.
772 2361 880 2400 facta,
913 2374 990 2396 non
1013 2360 1103 2408 casu.
1145 2362 1189 2396 cf.
1214 2369 1248 2405 5,
1272 2372 1306 2406 7,
1328 2363 1403 2410 29.⁴

97 2426 159 2453 ιο,
195 2420 230 2457 4.
774 2420 810 2458 4,
838 2425 899 2458 17,
925 2423 986 2458 25.

821 2476 858 2515 4.
899 2469 996 2518 noffe
1022 2490 1077 2497 —-
1102 2470 1254 2516 θέματα.
1285 2472 1330 2508 cf.
1354 2471 1392 2513 6,

147 2522 355 2570 usurpatum
396 2525 548 2560 ratione.
611 2524 714 2559 Haec
772 2530 805 2567 4,
830 2531 864 2567 ὃ.
907 2531 942 2567 4,
966 2536 1001 2564 2,
1028 2532 1090 2569 28.

89 2579 228 2625 junge,
268 2592 362 2613 neve
389 2579 556 2613 nominis
582 2578 713 2613 ablati·
821 2579 1017 2629 propofica.
1059 2581 1104 2616 cf.
1130 2581 1166 2621 6,
1192 2591 1227 2621 2,
1254 2591 1313 2624 17.

90 2645 186 2666 vum
236 2634 333 2666 refer
382 2633 425 2666 ad
464 2645 711 2678 cognoveram.
821 2646 887 2680 pro
929 2633 1078 2682 adversa
1105 2653 1160 2662 —
1185 2649 1253 2684 pro
1295 2648 1385 2673 mea.

91 2686 353 2735 opponuntur
386 2695 580 2738 praecepta
624 2687 710 2722 rhe-
768 2689 813 2723 cf.
839 2696 873 2731 5,
902 2699 963 2732 15,
989 2696 1051 2733 44.
