1586 2990
209 244 313 291 370
448 267 470 290 „
519 230 596 278 M.
639 231 770 279 ΕΑΒ.
817 203 1221 291 ρυῑΝΤιΠΑΝι

210 373 380 408 unum
409 354 620 422 quidam
639 364 979 419 putaverunt,
1007 346 1068 402 in
1087 354 1188 405 hoc
1205 354 1317 421 ipso
1339 353 1510 403 diver-

211 431 287 482 sas
317 434 593 499 opiniones
625 429 800 477 secuti.
877 430 1017 478 Nam
1049 429 1132 487 hi,
1171 431 1292 493 quia
1310 430 1512 479 ¹verbo-

211 525 332 558 rum
365 507 585 555 mutatio
614 503 785 553 sensus
809 521 1021 568 quoque
1047 514 1293 562 verteret,
1333 520 1512 552 omnes

213 581 402 648 figuras
437 582 497 630 in
538 580 712 628 verbis
761 577 857 627 effe
896 579 1168 628 dixerunt:
1238 579 1344 636 illi,
1393 579 1515 642 quia

214 658 375 706 verba
397 657 553 705 rebus
571 654 1096 712 accommodarentur,
1123 670 1303 704 omnes
1312 686 1319 708 2
1328 655 1386 701 in
1407 652 1520 700 sen-⁷

214 731 365 781 [ibus.
439 735 674 799 Quarum
706 742 929 796 utraque
961 729 1227 778 manifesta
1260 728 1516 777 cavillatio

155 813 204 850 ιδ
217 805 302 856 est.
363 808 529 864 Nam,
579 816 629 853 et
655 806 836 855 eadem
866 805 972 854 dici
1005 805 1171 854 solent
1198 806 1518 868 aliter=atque

219 882 389 940 aliter,
435 892 712 945 manetque
750 879 923 931 sensus
961 882 1257 930 elocutione
1297 884 1569 930 mutata:76

219 968 272 1005 et
302 956 466 1022 figura
491 956 768 1006 sententiae
804 958 978 1022 plures
1014 956 1203 1004 habere
1237 955 1522 1021 verborum
1533 966 1536 971 ’

221 1029 410 1096 figuras
438 1031 617 1097 potest.
688 1034 782 1080 Illa
810 1030 882 1079 est
904 1033 1046 1079 enim
1077 1031 1238 1096 posita
1264 1031 1323 1078 in
1346 1029 1522 1082 conci-

221 1107 412 1173 pienda
435 1107 773 1172 cogitatione,
812 1107 937 1154 haec
955 1106 1014 1154 in
1035 1104 1387 1155 enuncianda:
1435 1101 1526 1151 sed.

313 1290 375 1326 15.
406 1282 482 1331 ipso
502 1282 669 1331 diversas.
710 1283 839 1320 Turio.
861 1285 990 1332 Camp.
1006 1283 1199 1318 omittunt.
1227 1283 1286 1316 Ex
1306 1280 1405 1316 Alm.
1429 1278 1524 1328 ipsas

227 1349 266 1376 et
285 1351 378 1373 mox
391 1338 592 1389 sententias
613 1351 684 1386 pro
707 1337 865 1387 diversas
886 1339 959 1383 (cf.
985 1342 1017 1385 ᾗ.
1042 1345 1100 1381 ¹4·
1117 1339 1210 1372 item
1230 1338 1361 1383 mox).

310 1395 396 1442 quia
422 1393 622 1429 verborum.
673 1395 802 1430 Turic.
826 1393 950 1429 Guelf.
985 1393 1099 1428 Goth.
1123 1395 1215 1436 (tac.
1237 1391 1369 1434 Gesn.)
1395 1391 1524 1437 Camp-

231 1451 292 1497 qui
317 1462 352 1483 v.
383 1461 469 1483 cum
495 1447 598 1486 Vols.
622 1457 657 1483 2.
679 1457 716 1492 5.
883 1450 1047 1484 mutatio.
1095 1448 1225 1482 Turic.
1251 1446 1526 1490 (astte-manu)

230 1502 358 1552 Guelf.
391 1504 520 1551 Camp.
549 1503 663 1539 Goth.
691 1505 786 1541 Jens.
814 1505 909 1547 (tac.
937 1504 1070 1547 Gesn.)
1101 1505 1300 1537 mutatione
1329 1513 1414 1535 cum
1444 1499 1527 1534 edd.

230 1569 316 1594 ante
344 1558 451 1594 Leid.
617 1567 781 1594 verteret.
826 1560 955 1594 Turio.
979 1557 1026 1607 (a
1047 1559 1111 1593 sec.
1132 1558 1274 1600 manu)
1307 1555 1431 1591 Guelf.
1453 1567 1527 1589 ver-

232 1621 347 1648 terent
366 1626 453 1648 oum
482 1611 580 1651 Vall.
609 1614 702 1649 Loc.
731 1625 769 1649 et
786 1627 884 1649 rece.
906 1624 989 1649 ante
1010 1616 1128 1649 Stoer.
1153 1626 1199 1647 ex
1217 1611 1317 1648 Alm.
1338 1618 1529 1646 verteretur

232 1668 298 1712 (cf.
316 1668 385 1702 hac
405 1672 438 1714 ᾗ.
461 1668 554 1702 item
573 1668 666 1715 16.).
694 1669 789 1707 Jens.
813 1671 898 1713 (tac.
920 1670 1046 1711 Gesn.)
1072 1676 1251 1704 verterunt
1269 1679 1356 1701 cum
1374 1665 1478 1704 Voss'.
1495 1678 1527 1700 1.

232 1723 345 1759 Tarv.
386 1723 602 1758 Nobiscum
631 1724 776 1758 faciunt
799 1735 834 1758 ct
857 1725 987 1771 Camp.
1010 1723 1126 1759 Goth.
1153 1722 1255 1761 VoII'.
1280 1732 1316 1758 2.

307 1776 469 1824 figuras.
510 1777 641 1812 Turic.
666 1781 712 1822 (a
733 1791 790 1825 pr.
811 1780 952 1824 manu)
971 1777 1130 1824 futuras.
1298 1778 1384 1826 quia
1410 1774 1530 1811 verba.

162 1837 165 1844 ¹
233 1833 363 1880 Camp.
396 1834 457 1879 qui
481 1845 516 1867 v.
730 1834 1093 1867 accommodarentur.
1133 1833 1262 1879 Camp.
1285 1830 1543 1870 accommoda-⁸
1583 1829 1586 1831 ⁵

231 1896 312 1921 rene
340 1900 426 1922 cum
454 1886 551 1924 Jens.
579 1896 616 1921 et
646 1887 728 1922 edd.
761 1898 843 1922 ante
871 1886 990 1921 ssafil.-
1189 1888 1359 1937 Quarum.
1401 1885 1538 1920 Turio*

231 1943 279 1988 (a
302 1943 372 1976 -sec,
395 1939 538 1988 manu)
564 1954 732 1989 quorum,
764 1954 931 1988 quocum
968 1941 1110 1977 faciunt
1138 1942 1253 1977 Goth.
1283 1941 1411 1988 Camp.
1443 1951 1532 1974 cum

232 1996 316 2031 edd.
354 2007 437 2031 ante
477 1995 563 2030 Ald.
599 2007 672 2032 acc.
709 1996 802 2032 Bad.
843 1997 951 2035 Gesn.
980 1997 1067 2045 Bip.
1122 1996 1338 2032 Nobiscum
1367 2006 1404 2030 et
1429 1993 1530 2031 Alm.

234 2061 270 2086 et
299 2050 423 2087 Guelf-

322 2107 382 2141 16.
413 2115 449 2141 et
469 2105 550 2141 ead.
572 2122 625 2132 -·
646 2114 807 2141 mutata:
833 2115 879 2142 ec.
919 2106 981 2141 Sic
994 2105 1119 2143 Guelf.
1140 2118 1226 2141 cum
1246 2105 1361 2141 Goth.
1374 2104 1477 2143 Voff.
1494 2114 1530 2139 2.

231 2160 331 2200 Vall.
361 2160 455 2196 Obr.
492 2160 567 2205 lSed
587 2161 684 2199 Jens.
705 2172 742 2196 et
770 2161 853 2196 edd.
873 2171 957 2196 ante
974 2160 1059 2195 Ald.
1081 2169 1115 2196 et
1135 2175 1284 2197 e.-m.
1307 2163 1360 2196 ita
1378 2169 1423 2194 ec.
1459 2161 1529 2198 Rue-

232 2214 334 2263 liqui
362 2224 402 2250 ut
427 2229 458 2250 e.
478 2234 529 2242 —
550 2229 596 2250 m.
618 2217 672 2250 ica
691 2224 748 2255 et:
786 2217 938 2264 operosa
959 2228 1027 2250 nec
1048 2215 1162 2262 hujus
1183 2215 1261 2250 loci
1280 2214 1529 2262 concinnitate

231 2282 301 2318 per
331 2280 389 2310 ut,
430 2273 493 2305 ita.
549 2271 694 2306 Natum
734 2273 785 2306 ita
824 2284 870 2306 ex
909 2270 1095 2318 postremo
1126 2278 1285 2311 mutata,
1325 2282 1393 2305 nec
1420 2268 1531 2304 habet

231 2325 333 2361 Voss'.
356 2333 392 2368 5.
524 2324 660 2373 solent.
699 2324 823 2361 Guelf.
850 2324 958 2373 solet.
1089 2334 1195 2374 atque
1231 2326 1348 2360 aliter.
1402 2323 1528 2359 Turia.

233 2379 364 2429 Camp.
391 2379 585 2415 omittunt.
623 2380 810 2415 Narratur
831 2380 932 2416 Alm.
954 2380 1130 2415 omittere
1152 2390 1189 2415 et
1207 2378 1450 2429 prius'ala‘ter.

293 2506 355 2544 ²5·
387 2501 558 2551 Quarum.
612 2501 857 2536 Femininum
913 2502 1013 2537 unde
1034 2501 1142 2537 facile
1160 2501 1351 2549 promitur
1363 2497 1529 2548 pluralis·

233 2554 406 2596 relativi,
439 2556 544 2603 quod
583 2557 704 2603 exigit
738 2556 856 2605 subje-
912 2559 988 2592 Etfi
1017 2557 1118 2592 enim
1145 2557 1304 2604 speciem
1328 2555 1442 2590 habet
1469 2553 1528 2589 ab*

235 2620 340 2645 ctum
362 2611 546 2645 continuo
575 2620 745 2658 utraque,
785 2611 856 2646 mi-
912 2611 1015 2646 surdi
1047 2611 1130 2646 talis
1164 2611 1308 2650 oratio,
1345 2623 1385 2644 re
1409 2619 1528 2643 tamen

231 2665 305 2700 niis
334 2675 434 2700 recte
465 2665 512 2699 ad
538 2667 728 2713 opiniones
755 2676 857 2700 retu·
914 2666 1122 2714 elegantior
1161 2666 1209 2701 est
1247 2677 1360 2714 quam
1402 2661 1528 2710 vulga·-

230 2716 343 2760 1eris,
398 2732 511 2768 quam
556 2720 603 2754 ad
656 2720 854 2760 cavillatio,
911 2721 977 2756 ris.
