1586 2990
228 159 324 209 124

519 143 592 190 M.
641 145 774 190 ΕΑΒ.
822 145 1227 206 QUINTILIANI

223 287 396 324 tamen
424 272 557 321 facto
595 267 808 318 defendi
840 285 950 316 non
981 272 1195 339 poterit,
1238 272 1357 332 'jure
1388 273 1519 321 uite-

224 360 323 399 tur.

398 353 463 397 Et
484 355 637 413 quot,
675 355 728 392 et
747 343 940 407 quibus
963 343 1126 403 caulis
1147 346 1379 401 abdicare
1407 364 1518 396 non

291 456 369 505 ³26.
412 481 485 503 non
503 466 648 514 poterit.
701 461 830 497 Turic.
864 461 986 497 Guelf.
1019 465 1147 514 Camp.
1177 465 1360 503 omittunt
1378 481 1464 505 non.

304 532 401 574 quoe.
457 521 586 562 Turre.
618 517 715 568 quod
744 529 832 552 cum
852 517 968 554 Goth.
998 517 1093 556 Obr.
1150 521 1235 557 Post
1263 521 1361 558 hane
1381 534 1517 560 vocem

219 592 291 631 pro
313 588 348 614 et
370 579 432 613 dat
458 589 500 611 ex
521 576 651 623 Camp.

217 678 292 702 nor
322 662 660 712 argumentationis
691 675 735 699 eo
761 665 844 713 qui-

219 722 306 756 dem
327 719 491 758 deducit,
512 729 556 754 ut
572 718 655 767 post
673 718 844 767 reliquos

217 776 328 811 status
349 774 530 821 legalium
552 787 706 822 quoque
733 788 844 823 quae-

216 831 381 865 stionum
403 829 500 864 ratio
529 828 731 870 habeatur,
764 843 844 864 eae-

217 898 291 933 que
312 885 408 932 ipsae
429 897 507 919 non
526 885 679 932 pnorsus
700 884 842 920 alienae

216 939 465 975 ostendantur
514 939 558 974 ab
616 939 843 985 hujusmodi

213 995 395 1029 materiis.
453 995 529 1029 Has
572 996 693 1042 igitur
730 1008 840 1041 quae·

214 1050 370 1089 stiones,
391 1050 484 1094 juris
503 1059 656 1097 quoque
678 1049 755 1084 dici
778 1063 840 1097 ap-

210 1115 318 1153 paret
337 1103 424 1140 loco
447 1111 467 1146 5
483 1130 491 1144 ‚
520 1117 589 1144 10,
615 1109 677 1147 44.
709 1104 753 1139 cf.
775 1104 840 1139 hic

210 1163 245 1207 §.
258 1159 322 1202 56.
335 1168 398 1206 59.
427 1161 477 1193 Et
497 1160 730 1206 frequentata
742 1159 841 1194 mul-

210 1225 293 1250 tum
326 1215 375 1249 est
415 1215 588 1249 transitio
627 1226 696 1262 per
729 1215 839 1254 Nam,

212 1269 335 1317 qualis
354 1269 419 1304 hic
443 1269 496 1305 fit.
552 1270 674 1316 Leges
701 1279 839 1310 autem,

206 1335 254 1359 ut
274 1325 392 1359 modo
411 1325 582 1359 vidimus
596 1351 607 1364 ,
638 1325 721 1367 sunt
741 1325 840 1373 ipsae

208 1378 297 1414 illae
337 1380 580 1415 materiarum
613 1379 840 1424 hujusmodi

208 1434 250 1468 in
274 1434 410 1469 scholis
430 1434 700 1469 obtinentium.
733 1435 838 1480 Quae

210 1488 366 1536 quidem
402 1489 599 1535 quomodo
629 1499 694 1523 ant
721 1502 836 1536 quam

206 1557 289 1579 rem
307 1557 534 1591 praecurrere
558 1543 754 1584 dicantur,
783 1544 835 1578 fa-

207 1610 290 1635 teor
326 1613 387 1634 me
416 1598 528 1646 plane
563 1599 691 1634 latere.
748 1600 835 1634 Hoc

205 1655 328 1701 igitur
361 1654 525 1690 verbum
564 1664 706 1690 tentare
738 1653 836 1690 libet

207 1719 245 1744 et
266 1709 354 1744 inde
378 1708 523 1743 efficere
553 1708 617 1744 vel
638 1707 832 1756 praeferre,

203 1763 288 1804 vel,
321 1763 426 1811 qnod
448 1762 586 1799 clarius
600 1790 610 1803 ,
634 1765 762 1798 minus
783 1774 835 1799 ta-

203 1831 292 1866 men
324 1817 528 1855 verisimile
561 1818 689 1858 idem,
731 1832 834 1866 prae-

205 1874 296 1908 bere.
350 1872 452 1908 Illud
474 1873 685 1921 acceperim
706 1887 747 1908 ea
766 1886 834 1920 po-

204 1929 328 1965 testate
346 1955 357 1969 ,
401 1928 447 1963 de
486 1942 559 1976 qua
599 1929 747 1976 egimus
787 1928 833 1962 ad

206 1984 252 2025 6,
283 1995 329 2025 2,
366 1990 427 2028 14.
484 1983 622 2031 Neque
652 1984 754 2020 enim
774 1983 832 2017 ni-

202 2040 283 2074 mis¹
303 2039 444 2074 durum
471 2038 609 2078 fuerit,
639 2041 666 2074 fi
685 2037 748 2073 lex
775 2037 832 2073 di-

205 2104 310 2128 catur
362 2091 549 2140 praeferre
596 2107 677 2130 earn
733 2092 831 2139 juris

205 2148 480 2194 quaestionem,
511 2149 575 2184 cui.
601 2149 831 2184 occafionem

204 2201 350 2237 dederit
369 2229 380 2243 ,
440 2215 554 2250 quam
607 2205 707 2251 quali
754 2203 831 2251 ipsa

203 2255 326 2291 fronte
352 2257 535 2292 ostendat.
577 2260 674 2298 Jam,
704 2257 829 2292 lenius

205 2323 317 2357 quam
336 2311 483 2359 priores
510 2311 604 2347 huic
630 2312 717 2347 loco
749 2325 827 2347 me-

204 2365 332 2400 dentes
344 2391 354 2405 ,
378 2377 624 2414 transponens
642 2378 756 2402 voces
774 2368 826 2402 ita

202 2420 382 2456 scribam:
422 2421 558 2462 „Nam
590 2420 691 2468 leges
729 2422 826 2467 juris

201 2500 224 2515 ,‚
236 2474 462 2522 plerumque
478 2476 709 2524 quaestiones
723 2491 826 2524 prae-

200 2528 332 2576 „ferre
354 2529 493 2570 solent,
516 2529 585 2578 sed
615 2543 662 2566 ex
685 2531 824 2578 quibus

200 2585 360 2623 „causae
386 2598 464 2619 non
493 2584 558 2620 fiat
584 2583 824 2633 constitutio“

199 2637 219 2684 (
229 2639 291 2674 vel
300 2636 442 2686 status,
469 2641 494 2674 fi
512 2639 613 2690 istud
631 2641 747 2677 nimis
766 2654 823 2679 re-

901 676 1050 702 motum
1078 665 1253 702 videatur
1281 666 1326 703 ab
1355 667 1423 703 usu
1447 668 1523 715 Qu.·

901 721 947 756 cf.
987 731 1032 764 3,
1065 721 1110 762 6,
1138 721 1214 766 2.).
1277 723 1431 770 „Quod
1469 733 1522 758 ta-

900 801 924 816 „
936 788 1024 811 men
1036 780 1060 796 “
1083 775 1102 821 (
1113 774 1340 813 adversativa
1362 779 1520 824 conjun-

901 832 977 866 ctio
998 843 1042 866 eo
1063 831 1222 879 spectat,
1243 830 1359 879 quoii,
1381 831 1522 868 ‘etiamst

899 886 1032 921 statum
1071 886 1149 922 fere
1184 887 1304 922 facere
1344 900 1423 923 non
1458 888 1520 923 de-

896 941 1009 977 beant
1051 941 1122 977 hae
1162 942 1416 990 quaestiones,
1468 953 1521 978 ta-

888 1009 983 1038 ⁴men
1000 1022 1012 1042 ‚
1061 998 1086 1031 fi
1131 996 1236 1032 nulla
1283 997 1523 1045 relinquatur

894 1051 985 1086 facti
1004 1051 1232 1087 defendendi.
1248 1053 1345 1088 ratio
1357 1079 1372 1099 ⁵,
1397 1054 1447 1088 iis
1466 1055 1521 1088 Io-

895 1106 942 1141 lis
974 1104 1156 1141 utendum
1186 1108 1228 1141 fit
1248 1107 1291 1142 ad
1317 1108 1520 1144 cavendam

895 1158 1175 1201 abdicationem,
1193 1163 1431 1198 recusandam
1445 1166 1520 1198 'ma-

896 1217 954 1252 lae
980 1219 1206 1251 tractationis
1233 1230 1415 1265 poenam,
1446 1217 1520 1254 tol-

896 1270 1053 1306 lendum
1082 1272 1283 1307 dementiae
1298 1272 1520 1321 judicium)

895 1327 1031 1366 „facto
1073 1326 1226 1362 defendi
1254 1339 1333 1362 non
1363 1328 1518 1375 poterit,

894 1382 1014 1427 „jure
1040 1381 1203 1417 nitetur:
1225 1387 1310 1417 -et“
1335 1380 1437 1429 (jam
1460 1396 1518 1418 re·

896 1437 1090 1471 censentur
1135 1435 1374 1484 exceptiones
1411 1428 1519 1474 'illae

891 1491 1011 1536 juris,
1042 1489 1111 1538 per
1143 1499 1234 1539 quas
1269 1491 1518 1538 excludantur

892 1545 962 1581 hae
982 1571 991 1586 ‚
1038 1546 1080 1581 in
1126 1546 1266 1594 quibus
1314 1547 1518 1586 versamur,

891 1600 1077 1648 actiones)
1093 1606 1243 1649 ,‚quot“
1253 1598 1402 1648 (neque
1416 1603 1519 1637 enim

889 1655 1012 1703 placet
1039 1669 1126 1691 cum
1146 1657 1276 1692 Burm.
1300 1667 1337 1691 et
1354 1657 1517 1692 Gesnero

890 1711 1050 1746 scribere
1093 1710 1210 1759 quos)
1258 1737 1283 1752 ‚,
1298 1723 1335 1746 et
1375 1713 1516 1759 quibus

890 1768 1038 1805 „caulis
1055 1785 1109 1792 —-
1127 1777 1206 1800 non
1225 1767 1481 1814 permittatur.
1493 1771 1518 1787 “

891 1822 947 1855 Ita
969 1820 1139 1862 defuncti
1165 1821 1293 1856 sumus
1318 1821 1514 1869 qualicun-

892 1888 965 1923 que
1013 1874 1091 1910 loci
1138 1877 1332 1912 curatione
1349 1901 1360 1916 ,
1413 1875 1516 1912 nihil

890 1940 1039 1977 agentes
1059 1930 1306 1978 discerpendo
1329 1943 1398 1965 nec
1419 1931 1514 1966 lace-

889 1985 1021 2025 rando,
1041 1985 1328 2033 potuimusque‚
1353 1985 1395 2025 id
1409 1986 1513 2033 quod

889 2039 1071 2087 gratulari
1110 2039 1228 2076 solent
1259 2041 1371 2076 bonis
1409 2041 1514 2077 criti·

889 2095 962 2134 cis,
983 2094 1090 2131 uncis
1111 2094 1327 2132 crudelibus
1349 2109 1512 2143 parcere.

886 2150 1020 2184 Fateor
1059 2149 1103 2194 ab
1143 2150 1258 2186 initio
1297 2149 1396 2184 mihi
1434 2163 1511 2197 non

887 2204 1050 2253 sufficere
1087 2204 1318 2252 structuram.
1385 2205 1510 2240 Debe—

886 2259 950 2294 bat
991 2260 1093 2294 enim
1130 2259 1212 2306 post
1251 2257 1510 2303 Numistatim

885 2314 1083 2366 subjungi)
1116 2313 1161 2358 de
1181 2326 1258 2360 quo
1281 2325 1406 2362 ageret
1424 2314 1508 2349 scri·

882 2379 991 2416 ptor,
1018 2370 1112 2419 jqqis
1130 2366 1371 2418 quaestiones,
1404 2369 1508 2416 quod

883 2434 926 2458 ut
952 2424 1166 2470 contingat,
1208 2424 1403 2461 retinenda
1435 2424 1508 2470 erit

881 2479 1045 2526 Regiaua
1059 2477 1124 2512 illa
1138 2480 1389 2526 transpontio,
1410 2491 1504 2526 quae

880 2546 981 2568 nuuc
1018 2543 1165 2581 recepta
1199 2534 1258 2568 est.
1316 2533 1387 2569 Sed
1416 2532 1504 2571 ,dici

879 2601 966 2624 non-
986 2588 1106 2636 potest
1137 2601 1249 2636 quam
1285 2588 1377 2623 dura
1403 2586 1505 2622 mihi

879 2657 920 2679 ea
952 2644 1138 2690 videatur.-
