1586 2990
215 258 310 312 372
366 230 372 233 ’
528 249 602 297 Μ.
637 251 769 296 FAB.
805 239 1222 314 QmNnuANt
1271 267 1279 281 ε

158 378 313 432 19bis.
367 377 440 424 Ut
458 392 586 425 vero
606 383 788 423 natura
809 374 957 439 prius
982 373 1076 433 est,
1110 377 1380 447 concipere
1406 376 1517 425 ani-

217 470 308 503 mo
337 468 443 508 res,
493 467 650 515 quam
680 450 984 499 enunciare:
1042 451 1112 498 ita
1140 450 1206 499 de
1237 452 1303 501 iis
1323 450 1516 518 *figuris

219 538 337 576 ante
363 525 435 574 est
468 524 823 590 loquendum,
861 541 990 588 quae
1019 525 1084 573 ad.
1108 518 1335 575 mentem
1359 529 1517 592 perti-

218 613 374 653 nent:
426 617 650 666 quarum
692 600 907 666 quid'em
947 602 1139 650 utilitas
1171 619 1291 650 cum
1321 618 1518 666 magna,

219 689 333 727 tum
363 677 661 742 multiplex,
707 678 764 724 in
783 677 934 725 nullo
957 695 1066 726 non
1093 678 1341 726 orationis
1363 680 1519 742 oper'e

220 753 307 802 vel
336 751 594 802 clariffime
615 753 765 801 lucet.
841 753 997 810 Nam,
1035 751 1125 801 etfi
1143 753 1361 805 minime
1375 751 1521 801 vide-

220 838 313 877 tur
352 829 611 892 pertinere
665 827 730 875 ad
775 825 1146 892 probationem,
1213 845 1316 892 qua
1357 825 1522 892 figura

221 902 458 967 quidque
523 903 751 960 dicatur,
835 901 958 950 facit
1012 903 1186 951 tamen
1238 903 1520 960 credibilia,

232 991 364 1043 quae
400 978 648 1035 dicimus,
697 989 747 1026 et
777 979 834 1026 in
867 980 1076 1037 animos,
1096 978 1358 1040 judicum,
1417 994 1520 1041 qua

157 1069 209 1096 20
225 1070 335 1102 non
376 1052 702 1110 observatur,
757 1054 952 1117 irrepit,
1043 1056 1316 1118 Namque,
1374 1064 1433 1106 ut
1463 1054 1520 1100 in

222 1123 489 1176 armo'rum
527 1128 802 1175 certamine
836 1126 1075 1177 adversos
1097 1129 1254 1185 ictus,
1290 1139 1342 1176 et
1361 1139 1520 1176 rectas

221 1220 277 1250 ac
315 1201 566 1267 [implices
600 1214 784 1251 manus
820 1219 938 1250 cum
973 1202 1178 1262 videre,
1215 1213 1330 1252 tum
1361 1205 1515 1251 etiam
1529 1211 1576 1256 76

223 1295 402 1326 cavere
439 1294 494 1325 ac
525 1275 827 1341 propulsare
867 1276 1016 1325 facile
1045 1277 1140 1336 est;
1212 1277 1412 1327 aversae
1445 1289 1519 1326 te·
1573 1283 1579 1294 ‘

223 1363 433 1415 ctaeque
478 1353 654 1399 minus
688 1350 810 1399 sunt
860 1352 1202 1401 observabiles
1213 1371 1229 1419 ;
1284 1364 1337 1402 et
1377 1353 1522 1401 aliud

222 1423 520 1483 ostendiffe,
560 1443 715 1490 quam
743 1438 908 1492 petas,
947 1429 1068 1476 artis
1099 1427 1197 1476 est:
1237 1426 1303 1475 fic
1338 1429 1521 1486 oratio,

220 1518 352 1566 quae
386 1500 498 1549 astu
530 1512 689 1559 caret,
735 1502 968 1567 pondere
1007 1502 1168 1552 modo
1209 1513 1260 1551 et
1288 1502 1520 1568 impulsu

218 1578 504 1641 proeliatur
514 1594 529 1635 ;
586 1576 869 1635 fimulanti,
924 1579 1251 1642 variantique
1293 1576 1520 1636 conatus,

216 1652 275 1702 in
308 1653 465 1701 latera
498 1662 649 1718 atque
682 1654 740 1702 in
772 1664 910 1719 terga
939 1655 1204 1702 incurrere
1245 1654 1420 1713 datur,
1468 1664 1521 1704 et

306 1842 366 1878 19.
398 1828 446 1878 eft
466 1831 563 1880 loqu.
622 1833 683 1868 Sic
708 1834 836 1869 Turio.
869 1834 992 1870 Guelf.
1022 1836 1150 1882 Camp.
1179 1834 1336 1882 Reliqui
1360 1836 1384 1869 l.
1407 1848 1435 1870 e.

302 1887 360 1920 vel
389 1887 473 1922 clar.
531 1888 592 1921 Sic
622 1888 751 1923 Turio.
786 1889 910 1924 Guelf.
943 1891 1071 1938 Camp.
1104 1902 1191 1924 cum
1221 1889 1336 1926 Goth.
1367 1901 1403 1924 et
1433 1890 1517 1926 edd.

219 1951 303 1975 ante
324 1942 454 1975 Burm.
494 1941 651 1989 Reliqui
673 1943 857 1979 omittunt
875 1946 944 1980 vel.
1161 1945 1264 1980 lucet.
1304 1945 1366 1980 Sic
1385 1946 1516 1981 Turic-

219 1996 335 2032 Goth.
363 1995 460 2039 (tac.
484 1997 623 2045 Gesn.)
651 1999 780 2046 Camp.
802 2011 889 2033 cum
912 1999 1011 2035 Alm.
1029 2000 1130 2036 Voss'.
1146 2011 1180 2035 2.
1202 1999 1301 2038 Vall·
1321 2001 1413 2037 Bad.
1447 2002 1518 2036 Re-

219 2049 320 2098 liqui
342 2052 464 2097 elucet.
497 2052 611 2087 Goth.
635 2064 759 2088 autem
780 2056 874 2099 (tac.
896 2056 1030 2100 Gesn.)
1061 2055 1207 2090 omittit
1235 2068 1354 2102 opere.

306 2129 368 2154 20.
400 2119 522 2154 modo.
580 2121 641 2155 Sic
679 2121 806 2160 Turic.
849 2122 972 2159 Guell.
1009 2135 1094 2158 cum
1125 2123 1240 2158 Goth.
1274 2123 1375 2158 Alm.
1406 2123 1518 2160 Colb.

218 2174 329 2207 Bern.
352 2173 440 2210 Ald.
464 2175 695 2220 coniectante
717 2177 830 2211 etiam
853 2178 1026 2213 Pithoeo.
1084 2178 1242 2226 Reliqui
1264 2180 1382 2218 mole.-
1406 2179 1516 2215 foeda

219 2228 498 2264 vocabulorum
523 2229 566 2264 in
595 2230 749 2265 eandem
780 2233 997 2267 sententiam
1026 2232 1284 2270 cumulatione
1305 2245 1343 2270 et
1362 2235 1515 2271 novitio

219 2283 500 2328 conjunctionis
549 2293 585 2319 ec
633 2286 723 2326 usu,
785 2288 827 2322 in
873 2289 986 2323 tei-tio
1033 2288 1132 2324 loco.

301 2339 484 2374 incurrere.
544 2340 668 2376 Guelf.
710 2343 867 2377 incutere
909 2356 994 2378 cum
1040 2344 1136 2381 Jeus.
1178 2354 1216 2379 et
1246 2343 1330 2381 edd.
1357 2345 1513 2394 posterr·

217 2402 300 2427 ante
338 2392 423 2428 Ald.
463 2393 646 2429 Nostrum
682 2407 721 2431 et
751 2396 851 2436 Vall.
879 2398 1059 2433 redeunte
1090 2411 1135 2433 eo
1158 2398 1253 2436 obr.

275 2524 337 2559 19.
376 2515 626 2552 Ut--nacura
646 2519 747 2565 prius
775 2516 835 2566 efi-
892 2534 1045 2556 avocare
1063 2534 1184 2560 arma,
1216 2521 1403 2556 rationem
1427 2521 1513 2555 dili-

213 2567 313 2604 ‘Vide
355 2569 460 2603 idem
498 2571 695 2606 docentem
733 2575 833 2620 Aqu.
891 2586 1022 2622 genter
1073 2574 1280 2623 explicavit
1320 2575 1511 2610 Salmasius

211 2622 323 2657 Rom.
337 2636 373 2670 p.
392 2624 516 2660 Rhnk.
535 2632 620 2669 145.
635 2629 727 2662 item
743 2629 832 2671 276.
891 2631 934 2664 ad
948 2632 1129 2677 Spaniam.
1158 2631 1249 2665 Adr.
1263 2645 1292 2666 c.
1315 2632 1376 2667 26.
1399 2642 1510 2679 quem

266 2687 330 2711 20.
360 2687 473 2713 rectas
496 2699 549 2707 —
571 2695 704 2718 munus.
728 2683 771 2718 cf.
798 2691 831 2726 5,
891 2686 1058 2719 ccx-mim
1099 2686 1175 2720 huc
1217 2686 1263 2720 ad
1289 2697 1411 2734 partes
1441 2697 1508 2722 vo·

214 2738 276 2773 ²3,
308 2739 370 2776 54.
429 2735 549 2772 Verbi
587 2748 678 2771 mox
718 2738 831 2780 illati,
889 2751 972 2774 cant
1003 2741 1239 2789 interpretes.
