1586 2990
158 168 167 177 ’
219 191 282 241 34
506 181 580 228 M.
630 182 761 227 ΕΑΒ.
810 180 1216 255 QmNTmANt

155 319 205 358 59
223 303 586 354 Contendunt:
648 305 764 368 quis
811 303 1012 367 primus
1049 301 1208 360 dicat,
1252 305 1511 353 incertum
1549 339 1580 351 ι.

219 379 317 438 est3
365 379 648 444 propositio
691 390 861 426 tamen
909 387 1056 425 certa.
1130 378 1209 427 Ab
1251 396 1315 428 eo
1354 380 1510 435 enim,

219 458 366 514 cuius
393 453 661 519 personam
692 453 983 509 tuebimur,
1017 453 1374 516 incipiendum
1398 454 1509 501 erit.

218 533 282 578 Et
311 530 436 577 haec
472 530 685 594 quidem
712 527 776 575 de
806 526 1093 575 dividendo
1126 529 1183 576 in
1209 527 1513 576 universum

154 621 203 658 40
220 605 444 669 praecipi
477 602 695 669 possunt.
774 604 839 650 At
879 602 1144 666 quomodo
1183 604 1514 669 inveniemus

217 681 372 727 etiam
401 680 514 727 illas
558 678 866 726 occultiores
907 677 1260 741 quaestiones?
1307 677 1514 734 scilicet,

217 754 487 818 quomodo
508 752 803 808 sententias,
832 752 1017 810 verba,
1046 751 1258 816 figuras,
1288 753 1512 802 colores:

214 830 428 891 ingenio
442 865 455 885 ,
475 845 596 875 cura
609 864 622 884 ,
644 828 1018 875 exercitatione.
1069 829 1195 875 Non
1216 839 1385 876 tamen
1404 826 1514 875 fere

218 919 476 965 unquam,
512 901 608 950 nisi
646 901 1031 966 imprudentem
1063 901 1318 965 fugerint,
1357 900 1393 949 fi
1421 901 1517 966 (ut

154 985 199 1023 41
220 977 362 1040 dixi)
388 988 624 1025 naturam
654 975 799 1038 sequi
824 975 1011 1024 ducem
1040 978 1193 1025 velit.
1240 977 1338 1026 Sed
1359 977 1518 1041 pleri-

216 1068 346 1114 que,
384 1052 709 1115 eloquentiae
734 1050 919 1098 famam
944 1048 1255 1108 affectantes,
1285 1051 1516 1101 contenti
1582 1092 1586 1099 Χ

214 1126 331 1175 sunt
350 1127 477 1175 locis
496 1125 730 1190 speciosis
752 1126 911 1174 modo
927 1163 941 1183 ‚
981 1127 1067 1175 vel
1089 1128 1223 1174 nihil
1246 1127 1308 1174 ad
1330 1127 1515 1192 proha-

215 1202 412 1250 tionem
436 1199 833 1250 conferentibus.
904 1202 1033 1258 Alii,
1067 1203 1202 1249 nihil
1223 1203 1412 1258 vitare,
1442 1217 1516 1256 ea,

217 1292 348 1339 quae
369 1278 426 1324 in
449 1277 628 1326 oculos
647 1276 936 1333 incurrunt,
957 1277 1295 1342 exquirendo,
1317 1285 1516 1342 putant.

273 1413 335 1451 39.
381 1405 488 1440 dicat.
545 1405 707 1439 Ponitur
729 1415 764 1439 et
785 1405 850 1439 hie
870 1405 911 1439 in
931 1405 1103 1441 Leidenfi
1133 1407 1349 1452 conjectura
1377 1406 1446 1448 (ni
1465 1405 1518 1448 f.)

217 1459 356 1493 dicatur
389 1461 555 1505 subjecto
585 1462 687 1506 signo
718 1459 798 1507 Pas.
840 1461 939 1494 unde
962 1462 1092 1496 Bnrm.
1123 1461 1212 1496 fecit
1235 1459 1363 1509 Paffer.
1400 1461 1515 1507 Capp.

218 1512 389 1562 Pafferat.
447 1515 493 1549 cf.
525 1515 570 1554 6,
603 1523 646 1556 5,
671 1525 735 1557 71.
774 1514 905 1549 Nihili
935 1515 1019 1550 hoc.
1184 1515 1374 1564 personam
1407 1515 1518 1549 tuabi·

219 1582 307 1602 mur.
339 1569 467 1604 anic.
490 1583 507 1603 a
526 1583 582 1618 pr.
603 1582 717 1603 manu
734 1569 887 1617 persona
908 1570 1089 1606 ucibimur.
1255 1569 1411 1620 poffunt.
1441 1571 1516 1617 Tu-

217 1624 285 1658 ric.
310 1624 471 1658 dubium
500 1623 612 1673 possit
643 1638 688 1657 an
708 1623 852 1673 possint.

303 1684 364 1721 40.
422 1678 474 1712 At
501 1679 693 1727 quomodo.
761 1680 889 1713 Turic.
939 1679 1062 1714 Guelf.
1113 1681 1240 1728 Camp.
1280 1679 1516 1727 aliquomodo

220 1745 307 1767 cum
326 1732 441 1767 Goth.
661 1734 841 1780 quomodo
862 1733 1017 1781 sentent.
1076 1736 1203 1783 Camp.
1234 1732 1461 1783 querendaſs

223 1798 227 1802 ⁴
296 1786 379 1834 fere
398 1801 564 1835 unquam.
622 1788 750 1822 Turic.
773 1787 808 1834 f.
839 1802 916 1822 eum
946 1801 1069 1835 quam,
1100 1803 1120 1823 a
1149 1791 1215 1825 sec.
1246 1802 1361 1825 manu
1385 1787 1518 1836 fugere

219 1856 398 1890 umquam.
458 1841 580 1876 Guelf.
607 1841 719 1889 fuget
751 1857 786 1877 u.
843 1844 971 1891 Canip.
1003 1843 1154 1891 fugient
1186 1859 1218 1879 u.

305 1897 566 1945 imprudentem
596 1896 773 1943 fugerint.
839 1899 967 1933 Turio.
1021 1901 1064 1940 (a
1105 1901 1170 1935 sec.
1212 1899 1354 1941 manu)
1394 1896 1517 1933 Guelf.

221 1953 349 2000 Camp.
382 1952 624 1998 imprudenter
638 1950 783 1998 fugerit
812 1953 906 1997 (nisi
928 1954 1032 2000 quod
1053 1955 1261 2001 postremus
1286 1953 1462 2000 impud.).

306 2013 369 2050 ίμ.
415 2009 539 2041 vitare.
609 2007 670 2041 Sic
703 2008 830 2042 Turic.
871 2008 992 2043 Cuelk.
1047 2011 1174 2058 Camp.
1218 2021 1304 2045 cum
1336 2007 1450 2042 Goth.
1484 2017 1520 2042 et

221 2062 303 2096 edd.
328 2072 412 2095 ante
434 2060 518 2097 Ald.
542 2061 609 2109 qui
627 2063 783 2096 vitantes
802 2076 848 2097 ex
868 2064 1082 2109 conjectura
1100 2065 1223 2112 Regii.
1331 2075 1384 2102 ea,
1417 2075 1519 2110 quae.

221 2117 350 2151 Turio.
382 2130 507 2165 aquae,
540 2130 559 2150 a
588 2117 653 2151 sce.
685 2129 800 2152 manu
829 2132 870 2152 ac
894 2131 927 2166 q.
957 2132 1042 2152 eum
1069 2119 1192 2155 Guelf.
1225 2117 1340 2154 Goth.
1370 2121 1410 2153 ee
1434 2117 1517 2152 edd.

221 2182 304 2205 ante
323 2170 408 2205 Ald.
442 2179 478 2204 et
498 2185 530 2218 q.
563 2173 691 2219 Camp.
731 2173 909 2207 Nostrum
943 2186 988 2207 ex
1008 2174 1120 2221 Regii
1151 2175 1248 2220 conj.

305 2226 533 2272 exquirendo.
593 2227 720 2260 Tui-ic.
750 2228 1002 2274 exquirendum
1025 2241 1110 2262 curn
1134 2228 1249 2263 Goth.
1303 2227 1374 2262 Ille
1402 2240 1422 2261 a
1451 2227 1518 2262 sec.

221 2294 334 2314 manu
366 2281 584 2327 exquirenda
623 2293 710 2315 cum
741 2281 865 2317 Guelf.
898 2283 1027 2330 Camp.
1065 2292 1102 2318 et
1134 2283 1216 2319 edd.
1249 2292 1396 2330 praeter
1423 2282 1519 2320 Jens.

222 2336 333 2371 Tarv.
356 2334 425 2382 qui
443 2335 622 2371 nostrum.

278 2440 340 2478 4ο.
385 2442 424 2468 ut
446 2434 532 2470 dixi.
590 2438 623 2481 §.
647 2435 709 2471 26.
899 2434 1076 2482 diligenti
1097 2436 1316 2472 tractatione
1335 2435 1518 2482 indigent.

278 2498 340 2532 41.
380 2490 460 2523 Alii
478 2509 533 2515 —-
550 2499 693 2536 putant.
750 2490 844 2526 Tuti
899 2492 1091 2525 structura
1113 2490 1300 2527 infinitivi
1319 2493 1434 2526 vitare
1447 2493 1519 2525 fine

221 2543 265 2579 ab
292 2544 398 2578 omni
427 2543 622 2579 omiffione
651 2546 843 2580 neceffarii
891 2542 934 2591 se
981 2545 1203 2581 insolentior
1222 2570 1232 2584 ,
1292 2555 1519 2594 quapropter

218 2598 287 2632 fibi
304 2597 502 2637 videntur,
534 2602 686 2647 operose
704 2602 843 2635 riman·
899 2599 1007 2634 malin
1037 2600 1184 2637 fortasse
1205 2602 1325 2638 vitari.
1381 2601 1454 2635 Sed
1473 2598 1517 2635 cf.

219 2653 268 2687 do
303 2666 397 2700 quae
435 2654 519 2688 sunt
556 2658 741 2704 expolita,
774 2668 843 2691 nec
899 2658 931 2702 §.
957 2655 1020 2690 60.
