1586 2990
229 208 324 267 644
528 209 601 254 Μ.
647 209 778 255 ΕΑΒ.
822 199 1228 271 ρυῐΝΤιῌΛΝι
1280 217 1285 221 ·

225 334 436 383 interim
459 333 710 399 quaedam
733 331 874 397 quafi
899 331 1143 380 solvenda
1175 333 1240 381 de
1270 333 1520 387 industria

225 406 368 465 suut,
404 409 494 455 illa
518 408 731 472 quidem
756 408 965 455 maximi
993 408 1180 456 laboris
1208 425 1274 456 ne
1296 409 1521 459 laborata

224 481 511 532 videantur.
617 483 716 531 Sed
754 498 923 545 neque
966 482 1318 547 longioribus,
1365 502 1521 549 quam

225 567 456 621 oportet,
503 559 804 623 hyperbatis
844 557 1205 622 compositioni
1237 558 1519 623 serviamus

225 633 348 691 (ne,
387 650 519 697 quae
545 637 654 694 ejus
683 634 760 680 rei
788 633 947 696 gratia
967 631 1266 690 fecerimus,
1307 645 1521 699 propter

223 722 334 755 eam
355 706 523 756 fecisse
543 708 844 770 videamur)
879 717 930 754 et
950 718 1084 756 certe
1108 711 1318 757 nullum
1341 720 1521 774 aptum

219 792 374 846 atque
419 783 672 832 idoneum
708 783 930 830 verbum
967 793 1321 848 permutemus
1359 786 1520 849 gratia
1563 800 1565 803 ⁴

134 857 455 907 ¹45lenitatis.
533 859 723 922 Neque
751 859 894 907 enim
922 858 1095 907 ullum
1126 859 1223 905 erit
1249 868 1356 906 tam
1387 858 1519 907 diffi-

218 991 301 1027 edd.
332 1002 414 1026 ante
446 991 531 1027 ΑΜ.
563 993 662 1036 (fine
693 992 793 1041 quod
826 1003 950 1027 tamen
979 992 1063 1040 post
1092 991 1232 1035 Tarv.)
1272 990 1340 1040 qui
1370 993 1521 1042 ideoque

215 1045 324 1081 initia
355 1059 441 1081 cum
461 1046 551 1082 Bad.
574 1048 639 1081 sec.
663 1047 810 1094 Gryph.
830 1046 973 1088 Rollin.
1005 1046 1178 1093 aliisque.
1217 1047 1308 1081 Bad.
1339 1060 1396 1094 pr.
1420 1048 1519 1084 ideo-

216 1114 284 1149 que
306 1103 426 1136 vincta
449 1114 536 1136 cum
557 1101 739 1149 reliquis,
777 1101 846 1136 nifi
867 1100 971 1148 quod
1004 1101 1098 1136 Obr.
1123 1101 1205 1135 ideo
1227 1114 1378 1150 quoque.

300 1157 366 1191 illa
392 1157 544 1204 quidem..
587 1157 717 1191 Turic.
743 1156 844 1192 Flor.
868 1157 1015 1204 quidam
1035 1156 1122 1197 illa,
1153 1169 1172 1190 a
1192 1156 1258 1191 sec.
1279 1169 1395 1191 manu
1416 1169 1517 1193 uter·

216 1223 289 1258 que
313 1213 489 1259 quaedam
511 1212 576 1246 illa
604 1222 640 1246 et
669 1213 715 1245 fic
736 1210 860 1246 Guelf.
885 1211 1015 1258 Camp.
1038 1223 1124 1245 cnm
1151 1210 1268 1246 Goth.
1293 1211 1390 1246 Vols.
1415 1223 1450 1248 2.
1484 1223 1519 1248 et

215 1265 299 1301 edd.
322 1277 404 1300 ante
430 1265 516 1301 Ald.
541 1279 619 1302 exc.
641 1268 803 1305 Veneta,
836 1279 930 1313 quae
951 1266 1128 1312 quaedam
1159 1267 1211 1300 ita
1234 1278 1321 1300 cum
1346 1267 1436 1302 Bad.
1458 1281 1517 1315 pr.

212 1320 280 1355 sec.
304 1320 408 1356 Bafil.
447 1320 502 1356 Ec
523 1322 588 1355 illa
611 1323 752 1370 quidem
778 1320 872 1356 Obr.
919 1320 1054 1354 Malim
1078 1329 1112 1354 et
1133 1321 1274 1367 quidem
1297 1318 1380 1360 illa,v
1400 1333 1436 1356 et
1456 1334 1518 1370 pa-

212 1375 375 1410 renchefi
400 1376 584 1411 secernam
608 1386 643 1410 et
662 1377 804 1423 quidem
829 1376 975 1415 laboris,
1005 1386 1047 1410 ut
1071 1389 1113 1409 ne
1138 1375 1320 1410 referatur
1339 1377 1517 1423 protinus

212 1429 260 1464 ad
278 1429 458 1478 solvenda
477 1430 577 1479 sunt.
744 1445 807 1470 ne,
839 1444 939 1478 quae.
981 1430 1110 1465 Tui-ic.
1133 1429 1234 1465 Flor.
1255 1429 1362 1478 (apr.
1383 1432 1518 1477 manu)

213 1486 398 1521 omittunt
420 1499 474 1521 ne.
522 1487 596 1520 Hic
627 1486 673 1530 (a
696 1499 751 1534 pr.
773 1487 914 1529 manu)
939 1487 972 1519 ei
1000 1497 1070 1532 pro
1095 1486 1180 1529 ejus.
1258 1481 1266 1491 ²
1348 1487 1411 1520 rei.
1455 1486 1516 1521 Sic

210 1539 341 1574 Turic.
364 1553 449 1575 cum
473 1539 574 1575 Alm.
622 1541 778 1588 Reliqui
807 1541 999 1576 omittunt·
1161 1549 1413 1587 permutemus·
1457 1540 1519 1575 Sin

211 1594 340 1630 Turio.
363 1597 408 1640 (a
428 1597 494 1631 sec.
515 1601 655 1639 manu)
687 1596 787 1631 ΠΟΥ.
813 1595 938 1630 Guelf.
961 1596 1091 1642 Camp.
1112 1607 1198 1629 cum
1221 1595 1336 1631 Goth.
1357 1596 1460 1630 Voff.
1482 1605 1518 1630 2.

209 1649 321 1684 Bodl.
345 1649 421 1684 Bal.
477 1652 510 1685 A
535 1664 592 1699 pr.
613 1663 728 1685 mann
756 1650 886 1685 Turio.
916 1652 1162 1695 permittemus
1185 1662 1269 1683 eum
1299 1650 1394 1688 Jens.
1417 1651 1537 1694 (tac-⁴

193 1703 346 1748 Gesn.)
378 1705 491 1740 Tarv.
519 1706 614 1742 Ven.
666 1705 822 1752 Reliqui
854 1705 1186 1751 praetermittemus.

292 1759 464 1796 lenitatis.
505 1761 632 1795 Turic.
655 1760 749 1804 (hic
771 1772 840 1808 per
858 1764 928 1802 ae)
948 1758 1049 1794 flor.
1072 1759 1243 1794 levitatis.
1298 1757 1412 1792 Haud
1439 1758 1514 1793 scio

210 1821 389 1854 an'recte,
416 1814 462 1849 cf.
486 1821 522 1858 8.
544 1824 580 1857 3,
605 1816 640 1850 6.
671 1816 763 1850 item
791 1827 852 1855 ιο,
880 1828 914 1853 1,
939 1821 1001 1856 52.
1044 1814 1103 1848 De
1122 1812 1187 1847 ista
1209 1812 1424 1848 confufione
1446 1813 1516 1848 lev·

209 1877 247 1902 et
275 1869 343 1904 len.
363 1869 443 1916 agit
463 1870 666 1905 walkerus
696 1869 742 1904 ad
770 1870 849 1905 Cic.
871 1868 916 1903 de
934 1869 1021 1903 Nat.
1043 1869 1092 1903 D.
1113 1881 1150 1915 p.
1173 1875 1261 1911 244.
1289 1874 1350 1910 45.

233 1950 237 1955 .
292 1931 380 1967 ι45.
412 1925 524 1959 ullum
543 1927 622 1959 eric.
660 1925 722 1960 Sic
745 1924 875 1960 Turic-
899 1922 1000 1957 Flor.
1026 1922 1150 1958 Guelf.
1191 1922 1349 1970 Reliqui
1370 1936 1400 1957 e.
1426 1937 1461 1957 u.

232 2053 236 2056 ·
265 2039 352 2077 ¹44·
384 2035 450 2070 illa
476 2035 632 2084 quidem.
674 2034 722 2070 cf.
750 2044 830 2070 not.

204 2100 288 2124 ent.

234 2168 235 2171 =
258 2152 409 2191 propter
431 2152 522 2178 eam.
556 2143 659 2190 Quid
681 2143 756 2178 hoc
770 2145 829 2182 fit,

204 2210 266 2233 me
288 2198 441 2244 quidem
464 2198 563 2232 latet.
591 2201 708 2245 Ergo,
726 2198 832 2244 quod

204 2255 258 2287 rei
280 2252 439 2297 alicujus
459 2254 582 2299 gratia
601 2251 664 2292 fit,
694 2253 734 2287 id
753 2265 832 2287 non

206 2306 250 2342 fit
279 2316 428 2354 propter
457 2309 565 2342 eam?
620 2307 701 2342 Nec
727 2307 830 2354 quis-

205 2374 318 2409 quam
334 2362 442 2395 hiscit
453 2362 716 2409 interpretum.
730 2363 830 2397 Nam

206 2417 413 2464 Gedoynus
453 2417 497 2450 de
547 2418 612 2451 suo
653 2417 715 2451 dat
752 2429 829 2451 non

203 2472 445 2518 spernendam
475 2472 556 2506 sane
587 2472 827 2506 sententiam:

202 2525 276 2566 „de
300 2527 440 2561 c‘rainte
471 2539 544 2573 que
572 2538 611 2560 ce
638 2540 710 2573 que
732 2539 830 2561 nous

201 2580 365 2620 „falsons
395 2593 495 2628 pour
525 2581 666 2628 plaire,
698 2595 744 2615 ue
767 2581 829 2615 de-

201 2634 339 2681 „plaise
384 2647 532 2669 comme
572 2649 644 2670 une
684 2636 829 2670 affecta-

201 2688 354 2729 „tiomu
409 2690 468 2724 An
492 2702 565 2738 pro
589 2691 740 2727 duobus
762 2702 830 2726 110·

887 2032 970 2068 stris
1025 2031 1224 2068 vocabulis
1285 2032 1510 2067 scribemus:

886 2096 1031 2136 praeter
1043 2087 1186 2135 causam
1200 2087 1265 2123 vel
1276 2095 1417 2134 praeter
1429 2099 1512 2126 rem,

887 2156 934 2177 ne
968 2145 1015 2176 fic
1044 2143 1197 2190 quidem
1226 2140 1336 2178 valde
1363 2141 1513 2176 robusta

888 2195 1100 2232 sententia?
1152 2196 1255 2232 Nam
1286 2197 1313 2230 st
1333 2197 1511 2236 maxime,

886 2251 927 2285 id
953 2252 1056 2297 quod
1092 2264 1170 2285 non
1199 2263 1320 2298 nego,
1361 2250 1513 2285 interest

887 2305 1044 2352 aliquid,
1079 2307 1151 2340 five
1183 2304 1246 2340 fiat
1275 2304 1511 2349 sevaston-ius

885 2361 943 2394 rei
974 2362 1096 2406 gratia
1131 2362 1204 2394 sive
1234 2359 1383 2408 propter
1422 2358 1511 2394 alte·

885 2427 964 2450 ram
979 2439 989 2454 ‚
1024 2415 1088 2449 hic
1111 2425 1235 2449 tamen
1259 2414 1360 2449 nihil
1384 2412 1510 2462 agitur

885 2479 959 2505 tam
988 2470 1095 2504 tenui
1118 2470 1349 2504 discrimine.
1377 2472 1510 2504 Atten-

887 2525 931 2559 de
954 2537 1065 2571 neque
1088 2522 1125 2558 et
1143 2537 1235 2559 mox
1258 2533 1293 2558 et
1313 2524 1358 2558 ad
1389 2524 1421 2558 [e
1452 2524 1510 2559 in-

885 2580 1011 2615 vicem
1031 2578 1158 2613 relata.
1188 2579 1234 2615 cf.
1257 2591 1292 2627 9,
1316 2587 1352 2622 3,
1376 2585 1440 2623 78.

941 2688 1115 2727 latitatis.
1153 2689 1201 2726 cf.
1225 2698 1304 2726 not.
1328 2687 1410 2728 etit.
