1586 2990
271 129 437 176 INST.
482 127 757 176 ORATOR.
802 125 922 172 Lm.
958 126 1087 182 VIII,
1134 139 1178 184 3.
1292 139 1388 184 257

43 253 230 308 'modo
279 244 539 313 ostendit,
598 255 737 303 inter
779 263 1080 304 ornamenta
1118 269 1390 320 ponamuS.

65 337 262 400 Magna
282 335 455 383 virtus
489 331 586 391 est,
624 349 735 390 res,
774 331 838 380 de
874 330 1067 396 quibus
1098 331 1461 396 loquimur‚62

67 412 230 470 clare,
282 423 438 476 atque
467 420 528 460 ut
562 409 707 458 cerni
741 409 1043 466 videantur,
1075 409 1396 474 enunciare.

66 489 201 538 Non
225 490 369 537 enim
387 487 506 537 satis
528 486 697 545 efficit,
730 485 920 552 neq‘ue,
949 497 1011 535 ut
1033 485 1203 544 debet,
1239 485 1396 551 plane

70 564 378 616 dominatur
412 566 609 622 oratio,
662 562 701 611 fi
737 580 907 629 usque
945 563 1012 612 ad
1050 580 1202 612 aures
1239 562 1397 620 valet,

74 652 227 707 atque
250 659 309 692 ea
331 642 427 692 fibi
448 641 624 704 judex,
656 639 722 689 de
746 640 942 706 quibus
969 639 1249 707 cognoscit,
1280 657 1401 688 nar-

0 742 63 772 702
77 720 180 767 rari
220 719 411 779 credit,
462 736 576 770 non
617 719 867 784 exprimi,
913 727 966 766 et
1007 719 1176 768 oculis
1210 718 1402 765 mentis

73 796 296 845 ostendi.
338 797 456 856 Sed,
491 796 746 863 quoniam
767 794 1016 861 pluribus
1038 794 1215 844 modis
1237 794 1403 859 accipi
1416 798 1467 843 63

71 871 228 932 solet,
276 891 389 924 non
414 873 664 939 equidem
687 874 746 921 in
776 889 958 922 omnes
982 889 1095 921 eam
1123 871 1405 937 particulas

71 948 281 1010 secabo,
328 968 556 1016 quarum
591 947 862 999 ambitiose
893 966 922 997 a
953 948 1274 1014 quibusdam
1303 965 1407 996 nu-

72 1044 253 1077 merus
286 1038 530 1093 augetur,
568 1026 658 1075 sed
678 1026 904 1074 maxime
925 1024 1223 1074 necessarias
1251 1025 1407 1072 attiti-

73 1121 206 1170 garn.
249 1103 337 1154 Est
358 1106 522 1171 igitur
542 1121 715 1170 unum
736 1120 919 1170 genus,
956 1120 1065 1168 quo
1092 1112 1202 1152 tota
1224 1094 1408 1152 rerum

72 1181 248 1248 imago
271 1181 669 1248 quodammodo
694 1180 870 1230 verbis
894 1180 1218 1247 depingitur.

172 1293 380 1357 Constitit
412 1295 458 1335 in
493 1293 654 1347 digitos
685 1292 893 1345 extemplo
924 1302 1114 1334 arrectus
1144 1301 1328 1348 uterque,

80 1404 135 1444 et
163 1404 356 1452 cetera,
394 1410 529 1459 quae
558 1394 714 1443 nobis
741 1393 889 1441 illam
921 1393 1169 1458 pugilum
1193 1405 1412 1456 congre·

83 1469 348 1520 dientium
367 1469 554 1518 faciem
574 1471 646 1518 ita
669 1468 972 1526 ostendunt,
1003 1480 1064 1518 ut
1088 1486 1201 1518 non
1224 1468 1415 1516 clarior

83 1545 264 1596 futura
287 1545 451 1595 fuerit
470 1546 838 1614 spectantibu&
897 1547 1196 1595 Plurimum
1223 1545 1281 1593 in
1310 1544 1478 1596 l1oc64

85 1639 302 1688 genere,
341 1622 471 1673 ficut
498 1626 557 1672 in
590 1625 805 1682 ceteris,
822 1621 1037 1672 ‘eminet
1062 1624 1263 1673 Cicero.
1332 1624 1416 1670 An

85 1701 367 1767 quisquam
390 1711 499 1751 tam
522 1701 713 1768 procul
733 1717 761 1749 a
784 1699 1144 1766 concipiendis
1172 1699 1418 1765 imagini-

170 1840 236 1878 62.
273 1840 398 1891 plane.
451 1841 513 1877 Sic
537 1840 670 1890 Camp.
694 1853 782 1876 cum
798 1839 924 1875 Andr.
947 1838 1043 1876 Obr.
1072 1838 1245 1889 >Reliqui
1268 1838 1389 1886 plene.

170 1897 283 1933 valet.
324 1897 386 1933 Sic
409 1898 542 1937 Turic.
566 1899 606 1943 (a
627 1911 684 1946 pr.
707 1898 842 1942 manu)
867 1895 969 1931 Flor.
991 1896 1126 1932 Ambr.
1147 1911 1182 1932 1.
1209 1908 1297 1930 cum
1316 1894 1419 1930 Alm.

86 1952 248 2002 Reliqui
273 1954 385 1990 volet.

137 2036 149 2042 f.
204 2017 242 2053 5.
283 2023 376 2044 eam.
431 2009 564 2044 Turic.
597 2008 702 2043 Flor.
734 2006 862 2043 Guelf.
894 2008 1027 2054 Camp.
1059 2020 1101 2041 ea
1133 2019 1220 2041 cnm
1253 2005 1357 2042 Voss.
1384 2013 1421 2040 2.

91 2066 139 2100 Se
168 2067 169 2070 ’
197 2065 318 2100 Goth.
348 2077 422 2100 eas·
634 2063 783 2112 secabo.
843 2062 975 2098 Turio.
1006 2061 1109 2097 Flor.
1133 2061 1261 2097 Guelf.
1289 2062 1421 2108 Camp-

94 2117 225 2153 locabo
256 2133 347 2155 cum
380 2120 498 2156 Goth.
522 2120 626 2157 Vols.
653 2130 688 2154 2.
721 2130 758 2154 et
789 2119 874 2154 edd.
899 2130 983 2153 ante
1005 2117 1092 2152 Ald.
1149 2118 1332 2154 Nostrum
1366 2129 1424 2151 re·

94 2173 226 2222 posuit
245 2175 413 2223 Regium
446 2175 610 2224 egregie.
642 2175 688 2210 cf.
713 2183 748 2218 5,
776 2187 837 2216 ιο,
863 2187 927 2223 ηρ.
1082 2188 1246 2222 quarum.
1291 2172 1422 2208 Turio.

95 2229 200 2265 Flor.
232 2231 363 2279 Camp.
390 2246 542 2279 quorum
575 2245 661 2266 cum
690 2230 802 2267 Bodl.
833 2226 913 2266 Bal.
938 2229 1054 2265 Goth.
1085 2230 1186 2265 Voff.
1210 2241 1246 2268 2.
1272 2240 1308 2264 et
1338 2228 1423 2264 edd.

99 2295 183 2320 ante
215 2285 303 2324 Ald.
359 2287 588 2323 Referebant
619 2288 743 2336 igitur
777 2287 823 2322 ad
856 2301 899 2322 ea
931 2278 1125 2322 neutrum.

178 2338 333 2388 faciem«
374 2345 506 2379 Turio.
529 2346 661 2393 Camp.
684 2346 797 2380 aciem
826 2356 914 2378 cum
934 2341 1035 2378 Alm.
1064 2342 1167 2381 Voss‘.
1188 2351 1224 2377 2.
1248 2339 1366 2375 Goth.
1390 2348 1426 2373 et

104 2396 189 2432 edd.
222 2407 306 2432 ante
331 2398 479 2447 Gryph.
537 2400 650 2436 Solus
681 2400 809 2436 Guelf.
838 2401 989 2436 vaciem.

161 2508 226 2552 65.
248 2505 428 2554 Constitit.
457 2510 736 2559 Via-g.Aeneid.
793 2511 950 2553 „Locus
973 2509 1174 2547 Ciceronis
1198 2507 1248 2543 est
1267 2508 1307 2542 in
1319 2508 1428 2542 verr.

107 2571 144 2609 5,
178 2565 268 2608 426.
767 2576 859 2615 ‚,‚.5,
889 2577 954 2611 55.
1003 2566 1157 2614 Repetit
1191 2577 1251 2604 ιι,
1275 2571 1312 2606 3,
1338 2567 1429 2610 90.“

163 2620 228 2667 64.
282 2635 304 2655 α
341 2621 587 2668 concipiendis
626 2624 738 2670 imag.
797 2624 994 2659 Gesnerus.

105 2677 193 2717 „De
208 2677 349 2725 quibus
363 2677 471 2726 supra
491 2677 527 2718 6,
544 2689 579 2718 2,
597 2689 645 2726 29
660 2679 737 2726 sqq.
989 2667 998 2674 ν

166 2745 272 2781 Τοηι.
306 2747 371 2782 III.
953 2749 987 2783 Ῐὶ
