1586 2990
217 244 280 294 98
510 235 584 281 M.
635 234 758 284 ΕΔΒ.
806 235 1211 291 QUINTILIANI
1250 264 1253 267 -

157 359 359 418 ¹9Ejus'
382 369 550 408 certus
579 352 710 407 ordo
743 356 841 414 est,
890 358 1012 420 quid
1044 355 1158 429 sic?
1200 377 1266 407 an
1294 359 1384 408 hoc
1401 356 1510 430 sit?
1551 380 1554 385 ¹

216 433 342 481 etin
363 433 464 486 hoc
502 433 609 481 fere
629 433 775 481 labor
794 435 958 492 major
987 431 1082 488 est,
1123 444 1181 481 ut
1214 431 1510 483 finitionem

217 504 511 565 confirmes,
549 525 705 571 quam
731 509 867 554 utin
898 523 1008 555 rem
1027 505 1317 556 finitionem
1347 509 1512 574 appli-

209 599 310 631 ces.
370 585 430 630 In
454 598 543 638 eo,
577 582 700 644 quid
707 578 818 651 sit?
855 581 1048 646 duplex
1069 599 1198 647 opus
1219 583 1306 631 estg
1354 585 1510 630 ·Nam
1561 648 1563 655 Ι

216 667 267 704 et
291 655 461 705 nostra
494 654 839 704 confirmanda
872 656 966 714 est,
1005 668 1055 705 et
1085 657 1321 706 adversae
1356 659 1512 723 partis

150 751 200 778 20
218 730 522 779 destruenda
557 729 740 780 finitio.
818 732 1047 795 Ideoque
1085 733 1141 780 in
1172 732 1367 789 schola,
1418 733 1513 781 ubi

212 806 364 854 nobis
418 805 515 871 ipfi
558 804 799 871 fingimus
849 807 1330 864 contradictionem,
1379 807 1513 856 duos

211 896 408 946 ponere
437 881 685 931 debemus
728 879 882 938 fines,
924 883 1098 948 quales
1133 884 1379 946 utrinque
1417 880 1513 930 effe

215 956 400 1018 optimi
429 966 688 1020 poterunt.
767 958 833 1005 At
870 958 928 1005 in
959 955 1078 1006 foro
1107 957 1514 1022 providendum,

213 1046 329 1078 num
349 1027 850 1101 fortesupervacua,
879 1042 928 1079 et
947 1031 1068 1080 nihil
1091 1034 1162 1079 ad
1178 1028 1380 1102 causam
1395 1047 1514 1095 per-

212 1107 396 1161 tinens,
432 1123 499 1152 an
518 1104 786 1173 ambigua,
810 1124 875 1154 an
901 1110 1178 1164 contraria,
1216 1125 1283 1155 an
1303 1123 1515 1155 commu-

213 1182 288 1227 nis
307 1175 385 1249 fit
411 1178 625 1249 finitio?
665 1197 894 1246 quorum
937 1182 1072 1229 nihil
1116 1181 1370 1243 accidere,
1417 1179 1515 1228 nist

149 1270 200 1298 ει
221 1255 416 1318 agentis
435 1255 612 1320 culpa,
648 1255 826 1320 potest.
904 1259 974 1304 Ut
1004 1268 1138 1305 recte
1169 1266 1340 1305 autem
1369 1254 1516 1303 finia-

213 1340 355 1387 mus,
401 1331 471 1377 ita
502 1328 615 1389 fiet,
661 1329 698 1378 fi
727 1333 874 1396 prius
906 1332 963 1379 in
991 1333 1164 1381 animo
1193 1330 1516 1381 constitueri-

213 1419 329 1452 mus
344 1440 358 1461 ,
383 1402 514 1468 quid
531 1407 754 1455 velimus
775 1406 984 1455 efficere.
1043 1409 1124 1456 Sic
1151 1408 1292 1456 enim
1317 1422 1514 1454 accom-

200 1479 417 1527 -modari
444 1479 510 1527 ad
544 1481 868 1531 voluntatem
905 1482 1062 1530 verba
1090 1492 1348 1547 poterunt.
1426 1483 1516 1530 At-

215 1570 318 1616 que
348 1563 409 1602 ut
426 1571 452 1602 a
471 1554 725 1604 notiffimo
749 1557 1012 1622 exemplo,
1051 1575 1158 1621 quo
1189 1556 1249 1605 fit
1280 1573 1360 1606 res
1386 1556 1516 1605 luci-

215 1627 358 1686 dior,
399 1646 510 1678 non
553 1630 880 1680 recedamus:
937 1633 1040 1704 Qui
1075 1635 1335 1696 privatam
1363 1647 1515 1694 pecu-

214 1706 349 1750 niam
377 1705 440 1751 de
471 1706 654 1768 templo
667 1703 951 1775 surripuit,
976 1703 1248 1777 sacrilegii
1278 1723 1391 1754 reus
1415 1701 1511 1772 «est.

147 1778 383 1842 22'Culpa
402 1779 680 1838 manifesta*
709 1780 937 1844 quaestio
959 1780 1030 1828 est
1043 1818 1055 1839 ,
1077 1798 1141 1829 an
1162 1782 1287 1829 huic
1308 1780 1515 1830 crimini

206 1866 431 1909 nomen,
470 1853 616 1917 quod.
642 1853 717 1903 est
747 1857 803 1903 in
839 1856 976 1919 lege,
1015 1858 1302 1904 conveniat.
1377 1859 1515 1917 Ergo

214 1928 516 1991 ambigitur,
563 1929 655 1976 An
684 1928 775 1977 lzoc
791 1926 1128 1999 sacrilegium
1142 1928 1253 2001 sic?
1304 1929 1514 1978 Accusa-

203 2011 323 2060 1tor,
359 2005 479 2066 quia
501 2004 563 2050 de
585 2001 1024 2075 bemlyloficrr·epca
1040 2003 1116 2076 fit
1137 2006 1381 2070 pecunia,
1411 2005 1516 2053 uti-

213 2086 302 2124 tur
335 2077 437 2126 hoc
456 2079 684 2126 nomine.
761 2082 932 2136 Reus,
969 2084 1089 2144 quia
1111 2084 1373 2144 privatam
1387 2075 1515 2150 'sur-

213 2154 450 2213 ripuerit‚
487 2163 638 2217 negat
669 2152 763 2201 effe
789 2150 1148 2224 sacrilegium,
1195 2155 1282 2203 sed
1302 2154 1513 2223 furtum

211 2224 414 2275 fatetur.
489 2229 646 2276 Actor
685 2246 807 2294 ergo
845 2231 915 2277 ita
954 2228 1126 2288 finiet,
1178 2229 1509 2297 Sacrilegizcm
1525 2242 1586 2277 62‹

291 2396 356 2423 20.
396 2388 479 2424 nob.
504 2387 581 2439 ipfi.
638 2389 699 2424 Sic
722 2390 850 2426 Turic.
873 2404 959 2426 cum
982 2393 1080 2428 Alm.
1109 2391 1268 2441 Reliqui
1290 2407 1323 2428 n.
1347 2391 1440 2442 ipfis.

291 2483 355 2511 22.
391 2475 486 2524 surr,
507 2475 571 2527 fic.
630 2478 691 2513 Sic
719 2479 847 2515 Turic.
876 2480 999 2515 Guelf.
1036 2480 1193 2528 Reliqui
1211 2480 1265 2531 fic
1287 2478 1380 2530 surr.
1435 2481 1510 2526 (cf.

209 2532 243 2575 ᾗ,
275 2538 334 2573 15.
364 2541 401 2566 et
420 2544 513 2566 mox
536 2532 629 2578 23.)
837 2533 1061 2583 surripuerit.
1119 2537 1180 2570 Sic
1213 2537 1341 2571 Turic.
1370 2533 1419 2583 (a
1450 2548 1508 2583 Pr.

208 2585 363 2632 manu).
394 2586 518 2623 Guelf.
550 2589 678 2636 Camp.
700 2588 927 2636 surripuerat
945 2603 1032 2625 cum
1052 2590 1159 2626 illius
1176 2590 1346 2627 secunda.

263 2713 326 2740 20.
362 2703 546 2754 fingimus
586 2709 836 2746 contradictio·
893 2725 983 2747 nem.
1039 2712 1085 2748 cf.
1108 2719 1151 2756 5,
1184 2721 1257 2756 ²3³
1292 2716 1354 2756 45·
