1586 2990
177 206 237 248 16
476 204 548 249 M.
592 206 723 250 FAB.
768 207 1170 268 QUINTILIANI

172 337 343 374 tamen
369 337 419 374 et
444 326 545 375 hoc
567 329 871 386 mutabitur,
911 328 946 375 fi
975 330 1173 378 leviora
1194 331 1282 379 illa
1305 334 1472 396 palam

165 400 288 455 falsa
342 413 523 459 erunt,
580 402 857 466 gravissimi
905 402 1134 471 defensio
1182 405 1469 457 difficilior:

168 487 252 532 ut,
294 475 514 525 detracta
547 481 693 542 prius
726 476 1100 528 accusatoribus
1130 477 1258 536 fide,
1297 498 1470 546 aggre-

167 550 375 599 diamur
399 553 674 609 ultimum,
717 556 816 612 jam
849 552 1110 619 iudicibus
1136 557 1312 604 omnia
1339 573 1470 605 vana

165 625 262 673 effe
301 627 640 676 credentibus.
682 651 685 654 ·
721 631 866 690 Opus
914 630 1011 676 erit
1057 638 1227 685 tamen
1275 631 1470 695 praefa-

162 703 331 758 tione,
387 719 486 765 qua
517 711 566 750 et
599 703 728 750 ratio
762 701 1008 751 reddatur
1039 703 1186 751 dilati
1222 707 1468 764 criminis,

162 788 213 824 et
253 778 582 840 promittatur
619 774 876 824 defensio:
934 795 1002 826 ne
1036 778 1119 834 id,
1173 780 1316 842 quod
1358 791 1465 830 non
1479 801 1554 837 533

102 869 150 893 12
163 851 327 898 statim
353 851 631 906 diluemus,
659 852 840 899 timere
870 852 1157 901 videamur.
1199 856 1467 905 Anteactae
1542 871 1549 879 ‘

159 929 295 973 vitae
348 926 564 973 crimina
618 927 929 990 plerumque
981 929 1148 992 prima
1200 931 1468 994 purganda

157 1000 301 1057 sunt,
351 1011 409 1048 ut
442 1000 524 1056 id,
573 1000 637 1047 de
671 1018 777 1065 quo
814 1003 1014 1052 laturus
1051 1002 1122 1050 est
1159 1002 1466 1054 sententiam

156 1076 342 1136 judex,
392 1075 572 1122 audire
613 1077 872 1140 propitius
920 1079 1146 1142 incipiat.
1225 1080 1326 1128 Sed
1364 1081 1464 1129 hoc

156 1167 369 1215 quoque
396 1167 492 1214 pro
522 1154 716 1199 Vareno
743 1153 925 1200 Cicero
950 1154 1006 1200 in
1034 1154 1278 1203 ultimum
1303 1155 1463 1205 distu-

155 1227 241 1274 lit:
285 1243 408 1282 uon,
449 1226 581 1289 quid
608 1225 1023 1289 frequendffime,
1057 1228 1159 1285 sed,
1195 1230 1325 1293 quid
1348 1241 1462 1279 tum

94 1301 446 1366 13expediret,
493 1301 728 1350 intuitus.
816 1303 949 1350 Cum
989 1303 1200 1367 fimplex
1239 1306 1461 1355 intentio

152 1379 274 1433 erit,
327 1375 618 1424 videndum
660 1377 756 1433 est,
809 1395 976 1425 unum
1018 1378 1218 1442 aliquid
1252 1379 1462 1444 respon-

149 1452 389 1509 deamus,
427 1468 490 1498 an
517 1452 682 1515 plura.
738 1453 792 1500 Si
818 1469 1008 1511 unum;
1049 1457 1099 1501 in
1123 1470 1179 1501 re
1207 1454 1461 1518 quaestio-

235 1680 296 1705 12.
344 1669 550 1717 purganda.
629 1670 759 1706 Tui-ic.
802 1670 1021 1718 pugnanda,
1071 1684 1090 1704 a
1130 1671 1196 1706 sec.
1237 1684 1352 1707 manu
1392 1674 1456 1707 im·

145 1726 364 1773 pugnanda,
416 1736 452 1760 et
482 1728 528 1760 fic
562 1725 686 1761 Guelf.
721 1728 850 1773 Camp.
884 1739 969 1760 cum
1002 1725 1113 1760 Bodl.
1147 1727 1261 1762 Goth.
1292 1729 1392 1765 Voff.
1419 1740 1454 1766 2.

145 1781 244 1817 Vall.
266 1775 382 1815 Andr.
406 1782 488 1815 edd.
510 1791 592 1815 ante
609 1781 694 1815 Ald.
726 1781 868 1828 Regius
890 1780 1076 1820 coi·1·exit;
1103 1782 1265 1828 egregie.
1297 1783 1343 1818 cf.
1358 1785 1454 1818 Dra·

144 1834 257 1871 kenb.
282 1836 326 1872 ad
347 1836 433 1870 Liv.
457 1845 518 1882 59,
544 1844 606 1878 55,
635 1847 667 1870 2.
711 1835 769 1870 sed
798 1846 834 1873 et
853 1835 1005 1870 Lexica.
1065 1838 1161 1870 Item
1193 1838 1238 1871 de
1262 1838 1456 1885 frequenti

143 1895 213 1924 τῶν
243 1904 352 1937 pugn.
378 1901 413 1924 et
437 1903 540 1936 purg.
575 1891 790 1926 confusione
807 1889 999 1924 Drakenb.
1014 1890 1058 1924 ad
1081 1891 1166 1925 Liv.
1183 1901 1246 1934 54,
1274 1894 1335 1932 62,
1361 1901 1396 1935 5.

227 1947 303 1980 hoc.
359 1945 488 1980 Turic.
521 1943 568 1992 (a
592 1959 649 1993 pr.
671 1947 813 1991 manu)
836 1947 942 1984 enIm,
980 1946 1040 1979 sed
1070 1959 1138 1992 per
1167 1947 1451 1995 compendium.

143 2001 190 2036 cf.
220 2001 255 2041 6,
289 2009 324 2042 5,
358 2010 392 2042 7.

232 2065 292 2098 15.
331 2052 397 2100 est,
429 2070 546 2091 unum.
614 2057 675 2092 Sit:
704 2056 833 2091 Turio.
867 2055 911 2098 (a
938 2069 994 2102 pr.
1026 2057 1168 2099 mauu)
1203 2057 1334 2104 Camp.
1365 2069 1453 2092 cum

141 2111 240 2146 Alm.
265 2121 301 2145 et
324 2110 440 2146 Goth.
464 2122 498 2146 2.
524 2110 704 2158 pulchre,
735 2121 778 2145 ut
800 2111 852 2144 ait
875 2109 979 2145 Gesn.
1021 2110 1179 2158 Reliqui
1200 2111 1367 2146 inserunt
1391 2126 1451 2147 an.

141 2167 186 2201 cf.
219 2174 253 2210 5,
292 2174 352 2208 13,
389 2179 451 2199 ιι.
567 2166 717 2215 aliquid.
760 2166 888 2200 Tul-ic.
912 2165 1036 2201 Guelf.
1058 2166 1172 2200 Goth.
1203 2167 1448 2211 (tac.(3esu.)

139 2221 301 2270 aliquod.
468 2221 509 2255 ,in
539 2235 585 2254 re.
645 2221 776 2257 Turio.
809 2221 853 2264 (a
883 2221 951 2254 fec.
987 2222 1128 2264 manu)
1156 2219 1280 2256 Guelf.
1317 2222 1448 2270 Camp-

136 2277 228 2322 J‘ure.
280 2274 459 2311 Correxit
489 2276 643 2322 Regius.

193 2444 290 2466 vana
325 2448 380 2457 —
414 2430 646 2466 credentibus.
676 2431 766 2478 NDe
822 2430 894 2464 fior
915 2426 1032 2464 fuerit
1054 2419 1188 2468 oratio,
1217 2431 1243 2465 fi
1262 2431 1448 2480 scripseris

136 2498 232 2521 voce
266 2499 360 2521 vana
393 2486 439 2520 cf.
466 2493 500 2529 4,
531 2499 562 2526 1,
599 2495 661 2530 33.
697 2483 766 2533 effe
821 2485 907 2518 haec
927 2497 997 2532 pro
1021 2485 1086 2518 hoc
1114 2485 1240 2528 (οἰδ,
1262 2499 1274 2519 ι
1290 2502 1321 2527 ι,
1338 2492 1443 2534 21.)-

135 2552 280 2580 nutem,
312 2541 412 2587 quod
434 2542 563 2576 Turio.
585 2541 765 2577 folus'an-
820 2540 895 2573 Etsi
916 2540 1014 2573 enim
1039 2540 1157 2587 potest
1174 2542 1309 2577 referri
1328 2543 1373 2578 ad
1389 2555 1446 2580 to·

135 2596 288 2630 tevertit
310 2595 511 2640 adjectivo,
544 2596 677 2632 malim
700 2596 762 2631 ab·
820 2605 900 2629 tum
922 2593 1021 2628 illud
1038 2597 1222 2641 purgandi
1233 2599 1443 2644 negotium,

133 2651 215 2685 effe.
254 2652 314 2684 An
341 2661 418 2685 erat
447 2654 522 2685 ea?
818 2650 1060 2705 commoflius
1109 2660 1234 2686 tamen
1278 2653 1324 2687 ad
1375 2655 1440 2688 eri-

192 2716 251 2742 12.
283 2705 354 2741 Sed
376 2706 442 2740 hoc
465 2719 617 2756 quoque.
667 2706 759 2744 Ter·
816 2706 925 2746 mitra.
