1586 2990
209 186 300 229 150

201 315 317 347 raro
338 309 424 346 utr
430 315 636 364 umque

505 175 577 248 ινι.
623 177 754 221 FAB.
798 167 1203 237 QmN'TleNt

693 298 838 346 Male
857 294 1062 365 gestae
1073 300 1160 368 leg
1128 303 1338 349 oracionis
1358 299 1498 365 apud

204 376 418 422 Graecos
465 385 514 422 et
552 375 689 421 velis
730 371 887 420 caufis
922 371 1192 437 frequens.
1237 377 1334 425 ubi
1369 377 1530 437 juris
1559 428 1563 433 .

200 449 319 497 loco
365 446 543 513 quaeri
580 447 738 503 solet,
790 463 856 494 an
899 451 1090 496 omnino
1133 449 1282 497 aliter
1323 467 1497 518 agere,

200 541 352 587 quam
388 523 676 571 mandatum
697 518 798 591 sit,
837 522 1022 570 liceat?
1069 534 1120 572 et
1152 542 1406 588 quousque
1424 522 1500 594 sic

201 599 437 665 legatus?
473 598 721 659 quoniam
761 597 893 643 alii
877 615 935 646 m
964 592 1321 648 renunciando
1356 597 1498 648 sunt.

200 684 260 720 ut
247 636 339 719 Uin
361 675 522 730 Hejo,
555 673 647 735 q'ui
670 670 1060 721 testimonium
1045 692 1102 722 m
1127 677 1339 723 Verrem
1356 674 1499 722 djxe-
1510 680 1586 735 654,

138 764 188 798 57
204 757 280 795 rat
332 745 447 811 post
495 747 741 811 perlatam
786 748 1111 812 legationem.

285 945 362 979 alii.

1262 1005 1364 1040 Non
1383 1004 1500 1055 equi-

198 1055 284 1089 dem
304 1055 482 1101 cuiquam
503 1057 651 1090 credam
671 1057 771 1092 Alm.
800 1058 887 1092 dare
916 1059 1000 1099 alii,
1033 1060 1138 1108 'quod
1164 1055 1328 1106 conjecit
1345 1060 1500 1107 Regius.

197 1107 271 1156 (cf.
297 1112 328 1155 ᾖ.
349 1117 412 1152 55.
433 1111 527 1144 item
546 1114 683 1155 mox.)

278 1172 317 1197 uc
347 1165 383 1197 in
415 1166 520 1208 Hejo.
577 1168 706 1202 Turic.
749 1176 785 1203 et
817 1170 853 1202 1'12
885 1168 961 1203 hoc.

1017 1168 1141 1204 Guelf.
1185 1170 1222 1203 in
1252 1168 1319 1203 hoc
1345 1169 1420 1203 fine
1449 1176 1499 1202 ut.

198 1219 326 1265 Camp.
350 1233 382 1253 u.
409 1221 431 1254 i.
454 1221 519 1254 lzoc
539 1234 625 1255 cum
651 1224 771 1257 Stoer.
797 1234 833 1257 et
854 1224 1135 1259 recentioribus
1153 1234 1237 1258 ante
1255 1225 1385 1257 Burm.
1427 1223 1500 1257 Sed

198 1273 314 1310 Goth.
345 1277 439 1317 (tae.
465 1275 602 1324 Gesn.)
637 1278 673 1312 in
697 1291 737 1312 eo
769 1291 855 1312 curn
876 1279 979 1316 Voff.
1005 1290 1039 1314 2.
1073 1289 1109 1314 et
1131 1279 1215 1313 edd.
1247 1288 1330 1313 ante
1353 1277 1500 1324 Gryph.

195 1340 275 1362 exe.
297 1329 384 1363 Bad.
409 1330 476 1376 qui
496 1343 582 1365 cum
604 1332 752 1380 Gryph.
776 1341 815 1367 ut
834 1335 874 1367 is.
930 1335 1172 1368 Burmannus
1196 1346 1243 1367 ex
1261 1332 1362 1367 Alm.
1393 1332 1501 1366 affert
1550 1343 1556 1350 ·

196 1390 232 1415 ec
259 1384 295 1415 in
326 1383 419 1426 Hejo
447 1385 605 1432 infigui,
647 1389 673 1420 fi
710 1400 822 1428 vere,
863 1402 883 1422 a
912 1389 1106 1424 Turicensx
1143 1388 1367 1423 differentia.
1425 1385 1498 1434 (cf.

196 1437 334 1477 modo,
363 1437 459 1472 item
480 1449 527 1482 7,
561 1447 605 1483 5,
636 1442 702 1487 5.)

250 1602 363 1639 Mate
379 1602 500 1653 gestae
519 1590 726 1655 legatio-nis.
768 1609 820 1645 cf.

199 1663 242 1701 4,
274 1665 318 1702 4,
353 1668 388 1703 5-

246 1747 352 1790 juris⁴
376 1749 467 1784 loco.
532 1752 559 1787 i.
592 1765 622 1786 e.
663 1753 820 1787 nomine

195 1801 455 1848 quaestionum
486 1804 680 1853 legalium.
717 1818 760 1841 ut
782 1818 820 1842 et

194 1867 287 1890 mox
301 1858 396 1901 juris
420 1861 680 1895 cavillationes.

246 1931 313 1966 alii
326 1934 362 1965 in
372 1935 716 1983 renunciandosunt.
729 1938 815 1972 Hoc

193 1998 306 2022 nemo
321 1987 521 2035 intelligat.
535 1990 677 2024 Idonea
690 2004 815 2026 exem-

192 2039 347 2087 plorum
360 2043 481 2091 copia,
508 2057 602 2091 quae
614 2059 714 2080 nunc
735 2048 818 2095 qui·

194 2094 280 2128 dem
291 2097 412 2143 potest
429 2111 447 2132 e
465 2096 599 2134 lexicis
609 2102 701 2147 peti,
721 2104 817 2136 Bm·-

193 2162 353 2185 mannus
405 2153 571 2188 ostendit
607 2158 816 2190 renunciare

196 2204 265 2238 effe
282 2203 527 2251 legatorum
515 2220 557 2242 ιιι
578 2207 739 2255 patriam
757 2224 815 2245 re·

193 2259 399 2294 versorum.
430 2261 537 2296 Adde
555 2263 747 2299 Drakenb.
770 2266 830 2299 ad'

191 2313 359 2360 Epitom.
379 2315 466 2350 Liv.
497 2322 559 2359 47.
617 2319 710 2353 Inde
734 2320 816 2366 hipse

194 2366 308 2402 efficit
361 2369 427 2403 alii
486 2372 522 2404 in
573 2375 815 2408 renunciamlo

186 2421 310 2468 fiunt,
340 2434 383 2458 ut
411 2425 533 2471 igitur
559 2428 703 2471 (modo
737 2429 816 2473 ejus

191 2486 357 2512 mentem
367 2490 467 2514 recte
479 2481 650 2530 capiam)
668 2493 816 2517 muten-

192 2541 256 2565 tur
266 2530 381 2579 legati
392 2533 483 2568 dum
495 2537 719 2571 renuncient
727 2537 813 2572 suis.

194 2585 267 2619 Sed
307 2587 458 2635 antiqua
505 2591 686 2637 scriptura
728 2604 814 2625 cum

191 2639 235 2674 fit
253 2640 371 2682 aliae,
398 2643 515 2680 fuerit
544 2645 636 2681 haec
664 2645 814 2682 fortaffe

879 1609 1110 1657 Quintiliani
1157 1610 1334 1647 sententia
1355 1624 1364 1645 ε
1415 1622 1501 1660 quo-

877 1668 976 1700 niam
995 1667 1090 1700 aliae
1121 1665 1324 1714 (intellige
1345 1666 1499 1713 legatio-

875 1721 966 1764 nes)
988 1723 1024 1754 in
1045 1722 1260 1762 nunciando,
1283 1722 1378 1757 aliae
1392 1723 1428 1755 ἰη
1447 1734 1500 1756 re-

1205 750 1500 804 Plurimum
1566 775 1567 778 =

1569 823 1586 869 ,ᾳ

420 945 550 982 Turio.
593 947 716 982 Guelf.
758 949 886 997 Camp.
927 949 1023 984 aliae
1059 963 1154 984 eum⁴
1183 949 1298 986 Goth.
1341 960 1378 985 et
1417 949 1500 986 edd.
1547 928 1553 933 —

197 1009 280 1034 ante
302 1000 408 1034 Rure.
441 1013 518 1047 quo
549 1015 622 1037 acc.
656 1002 741 1037 Ald.
771 1004 849 1038 Bas.
877 1004 985 1038 Leid.
1009 1005 1106 1040 Gibs.
1129 992 1220 1039 Obr.

875 1775 1078 1809 nunciando
1089 1774 1199 1822 sunt:
1226 1777 1251 1811 i.
1276 1790 1305 1812 e.
1333 1775 1426 1811 aliae
1446 1776 1521 1810 le-‘
1572 1816 1574 1818 .

875 1830 1045 1876 gationes
1059 1831 1304 1866 continentur
1318 1831 1500 1865 nuncian-

873 1884 922 1918 do
965 1886 1026 1919 seu
1066 1885 1290 1932 perferendo
1329 1886 1502 1919 mandata

872 1949 1031 1979 tantum,
1054 1939 1146 1975 aliae
1168 1940 1507 1981 renunciandodef

873 2007 980 2027 mum
1002 1993 1115 2029 finem
1139 1994 1289 2042 habent.
1345 1996 1396 2029 Et
1427 2006 1499 2043 pro

865 2048 954 2097 sunt:
1001 2049 1151 2085 fortaffe
1188 2050 1400 2098 reposueris
1440 2049 1500 2083 de-

864 2103 1002 2153 finunt.

927 2167 967 2192 ut
979 2161 1016 2192 in
1026 2160 1063 2193 H
1064 2160 1132 2202 ejo.
1143 2159 1233 2194 vide
1247 2159 1324 2194 Cio.
1335 2158 1378 2191 in
1387 2158 1496 2194 Verr.

875 2218 919 2255 4,
950 2220 985 2256 3.
1023 2214 1231 2247 Referenda
1263 2223 1386 2247 autem
1416 2212 1498 2246 sunt

873 2267 965 2300 haec
977 2267 1092 2302 verba
1110 2268 1186 2307 ad,
1192 2268 1344 2308 ,ubi—
1367 2267 1499 2313 quaeri

873 2321 1040 2361 „“folet
1063 2322 1114 2357 ita
1139 2333 1181 2356 ut
1205 2322 1423 2369 „quoniam
1443 2339 1498 2348 ·—-

874 2376 1026 2415 „“sunt
1057 2379 1125 2413 fint
1155 2376 1382 2424 parenthesis
1409 2374 1495 2410 loco

873 2443 942 2464 nec
954 2431 1001 2464 sn
1005 2442 1114 2466 uctu]
1116 2445 1177 2465 am
1188 2431 1358 2466 afficiant.
1388 2421 1495 2464 Alio-

874 2484 943 2530 qui
991 2485 1130 2520 durum
1172 2486 1288 2521 fuerit
1327 2495 1494 2534 repetere

870 2541 1188 2586 praepolitionem
1226 2543 1284 2580 in,
1325 2541 1399 2578 „·in
1436 2550 1493 2573 re-

869 2601 1057 2632 ,‚nunc.“
1114 2600 1188 2636 „in
1226 2595 1384 2641 Hejo‚“
1425 2605 1494 2628 nec

867 2649 1046 2695 potestate
1073 2650 1183 2699 plane
1208 2649 1347 2685 eadem.
1384 2670 1389 2676 ι
