<?xml version="1.0" encoding="UTF-8"?>
<!DOCTYPE html PUBLIC "-//W3C//DTD XHTML 1.0 Transitional//EN"
    "http://www.w3.org/TR/xhtml1/DTD/xhtml1-transitional.dtd">
<html xmlns="http://www.w3.org/1999/xhtml" xml:lang="en" lang="en">
 <head>
  <title>
</title>
<meta http-equiv="Content-Type" content="text/html;charset=utf-8" />
  <meta name='ocr-system' content='tesseract 3.04.00' />
  <meta name='ocr-capabilities' content='ocr_page ocr_carea ocr_par ocr_line ocrx_word'/>
</head>
<body>
  <div class='ocr_page' id='page_1' title='image "./lexiconquintilia03bonnuoft_0070.png"; bbox 0 0 1586 2990; ppageno 0'>
   <div class='ocr_carea' id='block_1_1' title="bbox 214 261 1200 324">
    <p class='ocr_par' dir='ltr' id='par_1_1' title="bbox 214 261 1200 324">
     <span class='ocr_line' id='line_1_1' title="bbox 214 261 1200 324; baseline -0.011 -5"><span class='ocrx_word' id='word_1_1' title='bbox 214 274 279 319; x_wconf 64' lang='lat'><strong>52</strong></span> <span class='ocrx_word' id='word_1_2' title='bbox 445 311 470 314; x_wconf 75' lang='grc'><strong>,,</strong></span> <span class='ocrx_word' id='word_1_3' title='bbox 521 262 594 315; x_wconf 83' lang='grc' dir='ltr'><strong>Μ.</strong></span> <span class='ocrx_word' id='word_1_4' title='bbox 627 262 758 310; x_wconf 72' lang='lat' dir='ltr'><strong>FAB.</strong></span> <span class='ocrx_word' id='word_1_5' title='bbox 794 261 1200 324; x_wconf 76' lang='lat' dir='ltr'><strong>QmN‘rluAm</strong></span> 
     </span>
    </p>
   </div>
   <div class='ocr_carea' id='block_1_2' title="bbox 154 383 1586 1358">
    <p class='ocr_par' dir='ltr' id='par_1_2' title="bbox 214 383 1567 750">
     <span class='ocr_line' id='line_1_2' title="bbox 215 383 1509 449; baseline -0.002 -15"><span class='ocrx_word' id='word_1_6' title='bbox 215 385 318 434; x_wconf 88' lang='lat' dir='ltr'><strong>fine</strong></span> <span class='ocrx_word' id='word_1_7' title='bbox 348 383 611 434; x_wconf 80' lang='lat' dir='ltr'><strong>causarum</strong></span> <span class='ocrx_word' id='word_1_8' title='bbox 640 386 702 433; x_wconf 84' lang='lat' dir='ltr'><strong>de</strong></span> <span class='ocrx_word' id='word_1_9' title='bbox 733 387 986 447; x_wconf 80' lang='lat' dir='ltr'><strong>aequitate</strong></span> <span class='ocrx_word' id='word_1_10' title='bbox 1015 385 1342 444; x_wconf 74' lang='lat' dir='ltr'><strong>tractabitur,</strong></span> <span class='ocrx_word' id='word_1_11' title='bbox 1385 386 1509 449; x_wconf 81' lang='lat' dir='ltr'><strong>quia</strong></span> 
     </span>
     <span class='ocr_line' id='line_1_3' title="bbox 214 459 1558 527; baseline 0 -19"><span class='ocrx_word' id='word_1_12' title='bbox 214 461 352 522; x_wconf 75' lang='lat' dir='ltr'><strong>nihil</strong></span> <span class='ocrx_word' id='word_1_13' title='bbox 383 461 628 508; x_wconf 85' lang='lat' dir='ltr'><strong>libentius</strong></span> <span class='ocrx_word' id='word_1_14' title='bbox 665 460 863 519; x_wconf 75' lang='lat' dir='ltr'><strong>judices</strong></span> <span class='ocrx_word' id='word_1_15' title='bbox 901 459 1149 512; x_wconf 65' lang='lat' dir='ltr'><strong>audiunt..</strong></span> <span class='ocrx_word' id='word_1_16' title='bbox 1210 461 1509 527; x_wconf 79' lang='lat' dir='ltr'>Aliquando</span> <span class='ocrx_word' id='word_1_17' title='bbox 1551 467 1558 472; x_wconf 91' lang='lat'>&#39;</span> 
     </span>
     <span class='ocr_line' id='line_1_4' title="bbox 216 533 1512 593; baseline 0.001 -10"><span class='ocrx_word' id='word_1_18' title='bbox 216 547 385 583; x_wconf 78' lang='lat' dir='ltr'><strong>tamen</strong></span> <span class='ocrx_word' id='word_1_19' title='bbox 414 536 554 584; x_wconf 84' lang='lat' dir='ltr'><strong>hunc</strong></span> <span class='ocrx_word' id='word_1_20' title='bbox 579 533 814 582; x_wconf 85' lang='lat' dir='ltr'>ordinem</span> <span class='ocrx_word' id='word_1_21' title='bbox 837 535 1055 583; x_wconf 83' lang='lat' dir='ltr'>mutabit</span> <span class='ocrx_word' id='word_1_22' title='bbox 1082 535 1304 584; x_wconf 86' lang='lat' dir='ltr'><strong>utilitas:</strong></span> <span class='ocrx_word' id='word_1_23' title='bbox 1349 546 1435 593; x_wconf 83' lang='lat' dir='ltr'><strong>ut,</strong></span> <span class='ocrx_word' id='word_1_24' title='bbox 1472 534 1512 583; x_wconf 84' lang='grc' dir='ltr'><strong>[ἰ</strong></span> 
     </span>
     <span class='ocr_line' id='line_1_5' title="bbox 215 607 1515 674; baseline -0.001 -16"><span class='ocrx_word' id='word_1_25' title='bbox 215 612 272 665; x_wconf 84' lang='lat' dir='ltr'><strong>in</strong></span> <span class='ocrx_word' id='word_1_26' title='bbox 296 614 410 670; x_wconf 77' lang='lat' dir='ltr'><strong>jure</strong></span> <span class='ocrx_word' id='word_1_27' title='bbox 430 612 603 657; x_wconf 87' lang='lat' dir='ltr'><strong>minus</strong></span> <span class='ocrx_word' id='word_1_28' title='bbox 621 607 839 657; x_wconf 83' lang='lat' dir='ltr'><strong>fiduciae</strong></span> <span class='ocrx_word' id='word_1_29' title='bbox 863 611 974 667; x_wconf 87' lang='lat' dir='ltr'><strong>erit,</strong></span> <span class='ocrx_word' id='word_1_30' title='bbox 1007 611 1261 674; x_wconf 81' lang='lat' dir='ltr'><strong>aequitate</strong></span> <span class='ocrx_word' id='word_1_31' title='bbox 1284 609 1515 671; x_wconf 83' lang='lat' dir='ltr'><strong>iudicem</strong></span> 
     </span>
     <span class='ocr_line' id='line_1_6' title="bbox 216 684 1567 750; baseline 0 -18"><span class='ocrx_word' id='word_1_32' title='bbox 216 692 588 749; x_wconf 76' lang='lat' dir='ltr'><strong>praeparemus.</strong></span> <span class='ocrx_word' id='word_1_33' title='bbox 660 684 807 734; x_wconf 86' lang='lat' dir='ltr'><strong>Nihil</strong></span> <span class='ocrx_word' id='word_1_34' title='bbox 830 684 992 749; x_wconf 85' lang='lat' dir='ltr'><strong>habui</strong></span> <span class='ocrx_word' id='word_1_35' title='bbox 1011 685 1250 750; x_wconf 88' lang='lat' dir='ltr'><strong>amplius,</strong></span> <span class='ocrx_word' id='word_1_36' title='bbox 1288 684 1435 750; x_wconf 82' lang='lat' dir='ltr'><strong>quod</strong></span> <span class='ocrx_word' id='word_1_37' title='bbox 1456 685 1516 732; x_wconf 86' lang='lat' dir='ltr'><strong>in</strong></span> <span class='ocrx_word' id='word_1_38' title='bbox 1564 695 1567 698; x_wconf 84' lang='lat'>&#39;</span> 
     </span>
    </p>

    <p class='ocr_par' dir='ltr' id='par_1_3' title="bbox 154 757 1586 1358">
     <span class='ocr_line' id='line_1_7' title="bbox 154 757 1517 824; baseline 0 -18"><span class='ocrx_word' id='word_1_39' title='bbox 154 771 203 815; x_wconf 76' lang='lat'><strong>64</strong></span> <span class='ocrx_word' id='word_1_40' title='bbox 219 757 521 808; x_wconf 85' lang='lat' dir='ltr'><strong>universum</strong></span> <span class='ocrx_word' id='word_1_41' title='bbox 562 761 922 824; x_wconf 82' lang='lat' dir='ltr'><strong>praeciperem.</strong></span> <span class='ocrx_word' id='word_1_42' title='bbox 1010 760 1172 809; x_wconf 83' lang='lat' dir='ltr'><strong>Nunc</strong></span> <span class='ocrx_word' id='word_1_43' title='bbox 1210 776 1386 809; x_wconf 82' lang='lat' dir='ltr'><strong>eamus</strong></span> <span class='ocrx_word' id='word_1_44' title='bbox 1422 775 1517 824; x_wconf 88' lang='lat' dir='ltr'><strong>per</strong></span> 
     </span>
     <span class='ocr_line' id='line_1_8' title="bbox 220 834 1518 901; baseline -0.004 -14"><span class='ocrx_word' id='word_1_45' title='bbox 220 835 439 901; x_wconf 76' lang='lat' dir='ltr'><strong>finguias</strong></span> <span class='ocrx_word' id='word_1_46' title='bbox 476 834 740 884; x_wconf 81' lang='lat' dir='ltr'><strong>causarum</strong></span> <span class='ocrx_word' id='word_1_47' title='bbox 787 835 1114 895; x_wconf 83' lang='lat' dir='ltr'><strong>judicialium</strong></span> <span class='ocrx_word' id='word_1_48' title='bbox 1149 845 1316 899; x_wconf 83' lang='lat' dir='ltr'><strong>partes</strong></span> <span class='ocrx_word' id='word_1_49' title='bbox 1327 850 1348 892; x_wconf 85' lang='grc'><strong>,·</strong></span> <span class='ocrx_word' id='word_1_50' title='bbox 1390 851 1518 899; x_wconf 86' lang='lat' dir='ltr'><strong>quas</strong></span> 
     </span>
     <span class='ocr_line' id='line_1_9' title="bbox 217 908 1586 976; baseline -0.001 -16"><span class='ocrx_word' id='word_1_51' title='bbox 217 923 278 961; x_wconf 88' lang='lat' dir='ltr'><strong>ut</strong></span> <span class='ocrx_word' id='word_1_52' title='bbox 311 910 553 976; x_wconf 79' lang='lat' dir='ltr'><strong>persequi</strong></span> <span class='ocrx_word' id='word_1_53' title='bbox 581 910 646 959; x_wconf 83' lang='lat' dir='ltr'><strong>ad</strong></span> <span class='ocrx_word' id='word_1_54' title='bbox 665 908 913 960; x_wconf 48' lang='lat' dir='ltr'><strong>‘ultimam</strong></span> <span class='ocrx_word' id='word_1_55' title='bbox 943 909 1191 976; x_wconf 85' lang='lat' dir='ltr'><strong>speciem,</strong></span> <span class='ocrx_word' id='word_1_56' title='bbox 1236 909 1295 958; x_wconf 85' lang='lat' dir='ltr'><strong>id</strong></span> <span class='ocrx_word' id='word_1_57' title='bbox 1320 908 1414 966; x_wconf 84' lang='lat' dir='ltr'><strong>est,</strong></span> <span class='ocrx_word' id='word_1_58' title='bbox 1453 908 1517 956; x_wconf 81' lang='lat' dir='ltr'><strong>ad</strong></span> <span class='ocrx_word' id='word_1_59' title='bbox 1529 917 1586 959; x_wconf 78' lang='lat'><strong>59¹</strong></span> 
     </span>
     <span class='ocr_line' id='line_1_10' title="bbox 219 981 1520 1051; baseline -0.005 -14"><span class='ocrx_word' id='word_1_60' title='bbox 219 987 438 1051; x_wconf 78' lang='lat' dir='ltr'><strong>[iugulas</strong></span> <span class='ocrx_word' id='word_1_61' title='bbox 476 987 589 1034; x_wconf 88' lang='lat' dir='ltr'><strong>lites</strong></span> <span class='ocrx_word' id='word_1_62' title='bbox 633 985 1106 1048; x_wconf 84' lang='lat' dir='ltr'><strong>controverfiasque</strong></span> <span class='ocrx_word' id='word_1_63' title='bbox 1149 999 1260 1032; x_wconf 86' lang='lat' dir='ltr'><strong>nou</strong></span> <span class='ocrx_word' id='word_1_64' title='bbox 1290 981 1520 1049; x_wconf 76' lang='lat' dir='ltr'><strong>poss&#39;um:</strong></span> 
     </span>
     <span class='ocr_line' id='line_1_11' title="bbox 220 1058 1523 1126; baseline -0.004 -15"><span class='ocrx_word' id='word_1_65' title='bbox 220 1065 290 1111; x_wconf 84' lang='lat' dir='ltr'><strong>ita</strong></span> <span class='ocrx_word' id='word_1_66' title='bbox 312 1061 377 1109; x_wconf 86' lang='lat' dir='ltr'><strong>de</strong></span> <span class='ocrx_word' id='word_1_67' title='bbox 395 1061 719 1126; x_wconf 80' lang='lat' dir='ltr'><strong>generalibus</strong></span> <span class='ocrx_word' id='word_1_68' title='bbox 747 1058 965 1108; x_wconf 85' lang='lat' dir='ltr'><strong>scribere</strong></span> <span class='ocrx_word' id='word_1_69' title='bbox 992 1061 1138 1115; x_wconf 90' lang='lat' dir='ltr'><strong>licet,</strong></span> <span class='ocrx_word' id='word_1_70' title='bbox 1177 1069 1263 1122; x_wconf 89' lang='lat' dir='ltr'><strong>ut,</strong></span> <span class='ocrx_word' id='word_1_71' title='bbox 1307 1075 1440 1123; x_wconf 89' lang='lat' dir='ltr'><strong>quae</strong></span> <span class='ocrx_word' id='word_1_72' title='bbox 1464 1060 1523 1106; x_wconf 86' lang='lat' dir='ltr'><strong>in</strong></span> 
     </span>
     <span class='ocr_line' id='line_1_12' title="bbox 223 1133 1525 1201; baseline -0.005 -15"><span class='ocrx_word' id='word_1_73' title='bbox 223 1153 484 1201; x_wconf 82' lang='lat' dir='ltr'><strong>quemque</strong></span> <span class='ocrx_word' id='word_1_74' title='bbox 505 1135 689 1184; x_wconf 80' lang='lat' dir='ltr'><strong>statum</strong></span> <span class='ocrx_word' id='word_1_75' title='bbox 714 1133 1111 1199; x_wconf 82' lang='lat' dir='ltr'><strong>frequentiffime</strong></span> <span class='ocrx_word' id='word_1_76' title='bbox 1138 1134 1386 1191; x_wconf 82' lang='lat' dir='ltr'>incidant,</span> <span class='ocrx_word' id='word_1_77' title='bbox 1423 1144 1525 1181; x_wconf 88' lang='lat' dir='ltr'><strong>tra-</strong></span> 
     </span>
     <span class='ocr_line' id='line_1_13' title="bbox 225 1206 1525 1274; baseline -0.002 -15"><span class='ocrx_word' id='word_1_78' title='bbox 225 1213 355 1260; x_wconf 79' lang='lat' dir='ltr'><strong>dam.</strong></span> <span class='ocrx_word' id='word_1_79' title='bbox 424 1214 511 1268; x_wconf 88' lang='lat' dir='ltr'><strong>Et,</strong></span> <span class='ocrx_word' id='word_1_80' title='bbox 561 1213 680 1274; x_wconf 85' lang='lat' dir='ltr'><strong>quia</strong></span> <span class='ocrx_word' id='word_1_81' title='bbox 726 1220 907 1258; x_wconf 87' lang='lat' dir='ltr'><strong>natura</strong></span> <span class='ocrx_word' id='word_1_82' title='bbox 948 1211 1116 1273; x_wconf 87' lang='lat' dir='ltr'><strong>prima</strong></span> <span class='ocrx_word' id='word_1_83' title='bbox 1161 1207 1390 1274; x_wconf 88' lang='lat' dir='ltr'><strong>quaestio</strong></span> <span class='ocrx_word' id='word_1_84' title='bbox 1438 1206 1525 1266; x_wconf 86' lang='lat' dir='ltr'><strong>est,</strong></span> 
     </span>
     <span class='ocr_line' id='line_1_14' title="bbox 213 1281 1062 1358; baseline -0.002 -23"><span class='ocrx_word' id='word_1_85' title='bbox 213 1281 494 1358; x_wconf 73' lang='lat' dir='ltr'><strong>factumne.</strong></span> <span class='ocrx_word' id='word_1_86' title='bbox 514 1285 596 1343; x_wconf 85' lang='lat' dir='ltr'><strong>fit,</strong></span> <span class='ocrx_word' id='word_1_87' title='bbox 638 1286 700 1333; x_wconf 88' lang='lat' dir='ltr'><strong>ab</strong></span> <span class='ocrx_word' id='word_1_88' title='bbox 739 1284 840 1333; x_wconf 79' lang='lat' dir='ltr'><strong>lioc</strong></span> <span class='ocrx_word' id='word_1_89' title='bbox 873 1284 1062 1337; x_wconf 83' lang='lat' dir='ltr'><strong>ordiar.</strong></span> 
     </span>
    </p>
   </div>
   <div class='ocr_carea' id='block_1_3' title="bbox 229 1423 1586 2022">
    <p class='ocr_par' dir='ltr' id='par_1_4' title="bbox 229 1423 1586 2022">
     <span class='ocr_line' id='line_1_15' title="bbox 312 1423 1586 1477; baseline -0.003 -14"><span class='ocrx_word' id='word_1_90' title='bbox 312 1428 374 1471; x_wconf 74' lang='grc'><strong>64.</strong></span> <span class='ocrx_word' id='word_1_91' title='bbox 416 1428 461 1462; x_wconf 82' lang='lat' dir='ltr'><strong>de</strong></span> <span class='ocrx_word' id='word_1_92' title='bbox 484 1441 566 1474; x_wconf 80' lang='lat' dir='ltr'><strong>gen.</strong></span> <span class='ocrx_word' id='word_1_93' title='bbox 618 1426 746 1462; x_wconf 83' lang='lat' dir='ltr'><strong>Turic.</strong></span> <span class='ocrx_word' id='word_1_94' title='bbox 769 1425 894 1461; x_wconf 84' lang='lat' dir='ltr'><strong>Guelf.</strong></span> <span class='ocrx_word' id='word_1_95' title='bbox 915 1425 1045 1475; x_wconf 78' lang='lat' dir='ltr'><strong>Camp.</strong></span> <span class='ocrx_word' id='word_1_96' title='bbox 1066 1427 1102 1461; x_wconf 87' lang='grc' dir='ltr'><strong>ἰη</strong></span> <span class='ocrx_word' id='word_1_97' title='bbox 1123 1439 1160 1474; x_wconf 82' lang='lat' dir='ltr'><strong>g.</strong></span> <span class='ocrx_word' id='word_1_98' title='bbox 1182 1438 1269 1461; x_wconf 88' lang='lat' dir='ltr'><strong>cum</strong></span> <span class='ocrx_word' id='word_1_99' title='bbox 1288 1424 1403 1461; x_wconf 80' lang='lat' dir='ltr'><strong>Goth.</strong></span> <span class='ocrx_word' id='word_1_100' title='bbox 1426 1423 1527 1460; x_wconf 84' lang='lat' dir='ltr'><strong>Alm.</strong></span> <span class='ocrx_word' id='word_1_101' title='bbox 1577 1474 1586 1477; x_wconf 76' lang='lat'><strong>-</strong></span> 
     </span>
     <span class='ocr_line' id='line_1_16' title="bbox 229 1480 1530 1529; baseline -0.005 -9"><span class='ocrx_word' id='word_1_102' title='bbox 229 1483 331 1520; x_wconf 83' lang='lat' dir='ltr'><strong>Voff.</strong></span> <span class='ocrx_word' id='word_1_103' title='bbox 356 1494 389 1517; x_wconf 87' lang='lat'><strong>2.</strong></span> <span class='ocrx_word' id='word_1_104' title='bbox 413 1493 448 1516; x_wconf 88' lang='lat' dir='ltr'><strong>et</strong></span> <span class='ocrx_word' id='word_1_105' title='bbox 470 1482 552 1516; x_wconf 86' lang='lat' dir='ltr'><strong>edd.</strong></span> <span class='ocrx_word' id='word_1_106' title='bbox 578 1492 660 1516; x_wconf 84' lang='lat' dir='ltr'><strong>aute</strong></span> <span class='ocrx_word' id='word_1_107' title='bbox 679 1480 765 1517; x_wconf 83' lang='lat' dir='ltr'><strong>Ald.</strong></span> <span class='ocrx_word' id='word_1_108' title='bbox 807 1481 985 1516; x_wconf 78' lang='lat' dir='ltr'><strong>Correxit</strong></span> <span class='ocrx_word' id='word_1_109' title='bbox 1013 1482 1169 1528; x_wconf 84' lang='lat' dir='ltr'><strong>Regius.</strong></span> <span class='ocrx_word' id='word_1_110' title='bbox 1219 1481 1395 1529; x_wconf 84' lang='lat' dir='ltr'><strong>Suspicor</strong></span> <span class='ocrx_word' id='word_1_111' title='bbox 1415 1493 1434 1513; x_wconf 83' lang='lat' dir='ltr'><strong>a</strong></span> <span class='ocrx_word' id='word_1_112' title='bbox 1457 1481 1530 1526; x_wconf 83' lang='lat' dir='ltr'><strong>Qu.</strong></span> 
     </span>
     <span class='ocr_line' id='line_1_17' title="bbox 232 1535 1533 1584; baseline -0.004 -11"><span class='ocrx_word' id='word_1_113' title='bbox 232 1539 338 1574; x_wconf 70' lang='lat' dir='ltr'><strong>fuisse</strong></span> <span class='ocrx_word' id='word_1_114' title='bbox 371 1540 443 1571; x_wconf 85' lang='lat' dir='ltr'><strong>line</strong></span> <span class='ocrx_word' id='word_1_115' title='bbox 480 1536 558 1571; x_wconf 86' lang='lat' dir='ltr'><strong>ulla</strong></span> <span class='ocrx_word' id='word_1_116' title='bbox 587 1536 883 1584; x_wconf 73' lang='lat' dir='ltr'><strong>praepositione:</strong></span> <span class='ocrx_word' id='word_1_117' title='bbox 934 1535 1088 1584; x_wconf 71' lang='lat' dir='ltr'><strong>singulis</strong></span> <span class='ocrx_word' id='word_1_118' title='bbox 1118 1536 1274 1583; x_wconf 88' lang='lat' dir='ltr'><strong>quidem</strong></span> <span class='ocrx_word' id='word_1_119' title='bbox 1312 1535 1424 1570; x_wconf 77' lang='lat' dir='ltr'><strong>caufis</strong></span> <span class='ocrx_word' id='word_1_120' title='bbox 1453 1546 1533 1569; x_wconf 85' lang='lat' dir='ltr'><strong>non</strong></span> 
     </span>
     <span class='ocr_line' id='line_1_18' title="bbox 234 1589 1533 1638; baseline -0.004 -11"><span class='ocrx_word' id='word_1_121' title='bbox 234 1593 322 1627; x_wconf 75' lang='lat' dir='ltr'><strong>licet</strong></span> <span class='ocrx_word' id='word_1_122' title='bbox 343 1592 501 1626; x_wconf 76' lang='lat' dir='ltr'><strong>scribere</strong></span> <span class='ocrx_word' id='word_1_123' title='bbox 525 1591 625 1635; x_wconf 77' lang='lat' dir='ltr'><strong>(scil.</strong></span> <span class='ocrx_word' id='word_1_124' title='bbox 646 1593 868 1638; x_wconf 84' lang='lat' dir='ltr'><strong>praecepta)</strong></span> <span class='ocrx_word' id='word_1_125' title='bbox 891 1602 926 1626; x_wconf 81' lang='lat' dir='ltr'><strong>at</strong></span> <span class='ocrx_word' id='word_1_126' title='bbox 945 1590 1185 1638; x_wconf 77' lang='lat' dir='ltr'><strong>generalibus</strong></span> <span class='ocrx_word' id='word_1_127' title='bbox 1204 1590 1314 1626; x_wconf 78' lang='lat' dir='ltr'><strong>licet:</strong></span> <span class='ocrx_word' id='word_1_128' title='bbox 1333 1589 1415 1626; x_wconf 83' lang='lat' dir='ltr'><strong>Nifi</strong></span> <span class='ocrx_word' id='word_1_129' title='bbox 1435 1589 1533 1623; x_wconf 87' lang='lat' dir='ltr'><strong>forte</strong></span> 
     </span>
     <span class='ocr_line' id='line_1_19' title="bbox 234 1643 1533 1694; baseline -0.004 -12"><span class='ocrx_word' id='word_1_130' title='bbox 234 1648 365 1682; x_wconf 82' lang='lat' dir='ltr'><strong>malis:</strong></span> <span class='ocrx_word' id='word_1_131' title='bbox 396 1649 448 1680; x_wconf 82' lang='lat' dir='ltr'><strong>ita</strong></span> <span class='ocrx_word' id='word_1_132' title='bbox 468 1647 681 1693; x_wconf 78' lang='lat' dir='ltr'><strong>generalius.</strong></span> <span class='ocrx_word' id='word_1_133' title='bbox 716 1646 788 1680; x_wconf 87' lang='lat' dir='ltr'><strong>Sed</strong></span> <span class='ocrx_word' id='word_1_134' title='bbox 809 1657 844 1680; x_wconf 89' lang='lat' dir='ltr'><strong>et</strong></span> <span class='ocrx_word' id='word_1_135' title='bbox 859 1647 936 1694; x_wconf 78' lang='lat' dir='ltr'><strong>ipsa</strong></span> <span class='ocrx_word' id='word_1_136' title='bbox 950 1646 1069 1681; x_wconf 79' lang='lat' dir='ltr'><strong>Codd.</strong></span> <span class='ocrx_word' id='word_1_137' title='bbox 1091 1646 1271 1694; x_wconf 80' lang='lat' dir='ltr'><strong>scriptura</strong></span> <span class='ocrx_word' id='word_1_138' title='bbox 1290 1644 1383 1679; x_wconf 81' lang='lat' dir='ltr'><strong>ferri</strong></span> <span class='ocrx_word' id='word_1_139' title='bbox 1401 1643 1533 1692; x_wconf 81' lang='lat' dir='ltr'><strong>potest.</strong></span> 
     </span>
     <span class='ocr_line' id='line_1_20' title="bbox 238 1698 1536 1750; baseline -0.004 -13"><span class='ocrx_word' id='word_1_140' title='bbox 238 1702 282 1737; x_wconf 78' lang='lat' dir='ltr'><strong>of.</strong></span> <span class='ocrx_word' id='word_1_141' title='bbox 299 1712 344 1744; x_wconf 69' lang='lat'><strong>·17,</strong></span> <span class='ocrx_word' id='word_1_142' title='bbox 371 1712 406 1740; x_wconf 80' lang='lat'><strong>2,</strong></span> <span class='ocrx_word' id='word_1_143' title='bbox 439 1708 499 1743; x_wconf 80' lang='lat'><strong>15.</strong></span> <span class='ocrx_word' id='word_1_144' title='bbox 741 1714 924 1750; x_wconf 78' lang='lat' dir='ltr'><strong>quemque.</strong></span> <span class='ocrx_word' id='word_1_145' title='bbox 978 1701 1039 1735; x_wconf 86' lang='lat' dir='ltr'><strong>Sic</strong></span> <span class='ocrx_word' id='word_1_146' title='bbox 1076 1701 1205 1735; x_wconf 77' lang='lat' dir='ltr'><strong>Turic.</strong></span> <span class='ocrx_word' id='word_1_147' title='bbox 1241 1698 1365 1734; x_wconf 86' lang='lat' dir='ltr'><strong>Guelf.</strong></span> <span class='ocrx_word' id='word_1_148' title='bbox 1403 1699 1536 1745; x_wconf 76' lang='lat' dir='ltr'><strong>Camp-</strong></span> 
     </span>
     <span class='ocr_line' id='line_1_21' title="bbox 238 1754 1586 1802; baseline -0.003 -12"><span class='ocrx_word' id='word_1_149' title='bbox 238 1757 333 1801; x_wconf 78' lang='lat' dir='ltr'><strong>(nifi</strong></span> <span class='ocrx_word' id='word_1_150' title='bbox 357 1756 458 1802; x_wconf 87' lang='lat' dir='ltr'><strong>quod</strong></span> <span class='ocrx_word' id='word_1_151' title='bbox 488 1754 553 1788; x_wconf 86' lang='lat' dir='ltr'><strong>hie</strong></span> <span class='ocrx_word' id='word_1_152' title='bbox 587 1757 849 1802; x_wconf 83' lang='lat' dir='ltr'><strong>quemcunque)</strong></span> <span class='ocrx_word' id='word_1_153' title='bbox 881 1755 995 1790; x_wconf 85' lang='lat' dir='ltr'><strong>Goth.</strong></span> <span class='ocrx_word' id='word_1_154' title='bbox 1027 1755 1122 1792; x_wconf 85' lang='lat' dir='ltr'><strong>Jens.</strong></span> <span class='ocrx_word' id='word_1_155' title='bbox 1153 1757 1248 1798; x_wconf 79' lang='lat' dir='ltr'><strong>(tac.</strong></span> <span class='ocrx_word' id='word_1_156' title='bbox 1273 1754 1406 1798; x_wconf 84' lang='lat' dir='ltr'><strong>Gesn.)</strong></span> <span class='ocrx_word' id='word_1_157' title='bbox 1448 1765 1537 1788; x_wconf 88' lang='lat' dir='ltr'><strong>cum</strong></span> <span class='ocrx_word' id='word_1_158' title='bbox 1581 1784 1586 1794; x_wconf 80' lang='grc'>,</span> 
     </span>
     <span class='ocr_line' id='line_1_22' title="bbox 237 1807 1538 1857; baseline -0.005 -10"><span class='ocrx_word' id='word_1_159' title='bbox 237 1811 347 1847; x_wconf 81' lang='lat' dir='ltr'><strong>Bodl.</strong></span> <span class='ocrx_word' id='word_1_160' title='bbox 367 1810 469 1846; x_wconf 84' lang='lat' dir='ltr'><strong>Voff.</strong></span> <span class='ocrx_word' id='word_1_161' title='bbox 492 1820 525 1844; x_wconf 87' lang='lat'><strong>2.</strong></span> <span class='ocrx_word' id='word_1_162' title='bbox 548 1819 584 1843; x_wconf 86' lang='lat' dir='ltr'><strong>et</strong></span> <span class='ocrx_word' id='word_1_163' title='bbox 606 1809 689 1845; x_wconf 80' lang='lat' dir='ltr'><strong>edd.</strong></span> <span class='ocrx_word' id='word_1_164' title='bbox 713 1820 795 1845; x_wconf 85' lang='lat' dir='ltr'><strong>ante</strong></span> <span class='ocrx_word' id='word_1_165' title='bbox 816 1810 905 1845; x_wconf 85' lang='lat' dir='ltr'><strong>Bad.</strong></span> <span class='ocrx_word' id='word_1_166' title='bbox 935 1822 1012 1857; x_wconf 86' lang='lat' dir='ltr'><strong>quo</strong></span> <span class='ocrx_word' id='word_1_167' title='bbox 1034 1822 1108 1844; x_wconf 84' lang='lat' dir='ltr'><strong>acc.</strong></span> <span class='ocrx_word' id='word_1_168' title='bbox 1127 1809 1232 1844; x_wconf 79' lang='lat' dir='ltr'><strong>Bafil.</strong></span> <span class='ocrx_word' id='word_1_169' title='bbox 1257 1808 1350 1843; x_wconf 78' lang='lat' dir='ltr'><strong>Obr.</strong></span> <span class='ocrx_word' id='word_1_170' title='bbox 1379 1807 1538 1855; x_wconf 85' lang='lat' dir='ltr'><strong>Reliqui</strong></span> 
     </span>
     <span class='ocr_line' id='line_1_23' title="bbox 240 1861 1536 1914; baseline -0.003 -15"><span class='ocrx_word' id='word_1_171' title='bbox 240 1880 354 1914; x_wconf 72' lang='lat' dir='ltr'><strong>quam.</strong></span> <span class='ocrx_word' id='word_1_172' title='bbox 388 1864 497 1899; x_wconf 84' lang='lat' dir='ltr'><strong>Male.</strong></span> <span class='ocrx_word' id='word_1_173' title='bbox 521 1864 566 1898; x_wconf 86' lang='lat' dir='ltr'><strong>cf.</strong></span> <span class='ocrx_word' id='word_1_174' title='bbox 591 1871 625 1906; x_wconf 83' lang='grc'><strong>4,</strong></span> <span class='ocrx_word' id='word_1_175' title='bbox 651 1879 684 1904; x_wconf 83' lang='lat'><strong>1,</strong></span> <span class='ocrx_word' id='word_1_176' title='bbox 704 1864 765 1907; x_wconf 78' lang='grc'><strong>46.</strong></span> <span class='ocrx_word' id='word_1_177' title='bbox 961 1865 1005 1898; x_wconf 80' lang='lat' dir='ltr'><strong>ab</strong></span> <span class='ocrx_word' id='word_1_178' title='bbox 1032 1865 1108 1899; x_wconf 82' lang='lat' dir='ltr'><strong>hoc.</strong></span> <span class='ocrx_word' id='word_1_179' title='bbox 1165 1865 1226 1898; x_wconf 85' lang='lat' dir='ltr'><strong>Sic</strong></span> <span class='ocrx_word' id='word_1_180' title='bbox 1249 1863 1378 1898; x_wconf 76' lang='lat' dir='ltr'><strong>Turio.</strong></span> <span class='ocrx_word' id='word_1_181' title='bbox 1411 1861 1536 1898; x_wconf 86' lang='lat' dir='ltr'><strong>Guelf.</strong></span> 
     </span>
     <span class='ocr_line' id='line_1_24' title="bbox 240 1917 1539 1968; baseline -0.005 -12"><span class='ocrx_word' id='word_1_182' title='bbox 240 1922 369 1968; x_wconf 82' lang='lat' dir='ltr'><strong>Camp.</strong></span> <span class='ocrx_word' id='word_1_183' title='bbox 391 1919 507 1955; x_wconf 81' lang='lat' dir='ltr'><strong>Goth.</strong></span> <span class='ocrx_word' id='word_1_184' title='bbox 529 1920 624 1957; x_wconf 85' lang='lat' dir='ltr'><strong>Jens.</strong></span> <span class='ocrx_word' id='word_1_185' title='bbox 653 1923 746 1963; x_wconf 79' lang='lat' dir='ltr'><strong>(tac.</strong></span> <span class='ocrx_word' id='word_1_186' title='bbox 769 1919 903 1963; x_wconf 84' lang='lat' dir='ltr'><strong>Gesn.)</strong></span> <span class='ocrx_word' id='word_1_187' title='bbox 930 1932 1016 1954; x_wconf 89' lang='lat' dir='ltr'><strong>cum</strong></span> <span class='ocrx_word' id='word_1_188' title='bbox 1037 1919 1138 1956; x_wconf 72' lang='lat' dir='ltr'><strong>Voir.</strong></span> <span class='ocrx_word' id='word_1_189' title='bbox 1166 1917 1265 1955; x_wconf 80' lang='lat' dir='ltr'><strong>Vall.</strong></span> <span class='ocrx_word' id='word_1_190' title='bbox 1288 1929 1324 1952; x_wconf 90' lang='lat' dir='ltr'><strong>et</strong></span> <span class='ocrx_word' id='word_1_191' title='bbox 1350 1917 1432 1953; x_wconf 79' lang='lat' dir='ltr'><strong>edd.</strong></span> <span class='ocrx_word' id='word_1_192' title='bbox 1454 1927 1539 1951; x_wconf 83' lang='lat' dir='ltr'><strong>ante</strong></span> 
     </span>
     <span class='ocr_line' id='line_1_25' title="bbox 238 1973 1539 2022; baseline -0.004 -13"><span class='ocrx_word' id='word_1_193' title='bbox 238 1976 355 2010; x_wconf 74' lang='lat' dir='ltr'><strong>Rufe.»</strong></span> <span class='ocrx_word' id='word_1_194' title='bbox 379 1974 591 2021; x_wconf 78' lang='lat' dir='ltr'><strong>corrigente</strong></span> <span class='ocrx_word' id='word_1_195' title='bbox 620 1975 761 2021; x_wconf 83' lang='lat' dir='ltr'><strong>Regio,</strong></span> <span class='ocrx_word' id='word_1_196' title='bbox 811 1988 978 2022; x_wconf 87' lang='lat' dir='ltr'><strong>quocum</strong></span> <span class='ocrx_word' id='word_1_197' title='bbox 1007 1973 1151 2021; x_wconf 78' lang='lat' dir='ltr'><strong>reliqui</strong></span> <span class='ocrx_word' id='word_1_198' title='bbox 1187 1973 1263 2008; x_wconf 77' lang='lat' dir='ltr'><strong>hac.</strong></span> <span class='ocrx_word' id='word_1_199' title='bbox 1315 1973 1539 2008; x_wconf 79' lang='lat' dir='ltr'><strong>contortius</strong></span> 
     </span>
    </p>
   </div>
   <div class='ocr_carea' id='block_1_4' title="bbox 241 2026 1540 2120">
    <p class='ocr_par' dir='ltr' id='par_1_5' title="bbox 241 2026 1540 2120">
     <span class='ocr_line' id='line_1_26' title="bbox 242 2026 1540 2077; baseline -0.003 -13"><span class='ocrx_word' id='word_1_200' title='bbox 242 2030 288 2064; x_wconf 84' lang='lat' dir='ltr'><strong>ad</strong></span> <span class='ocrx_word' id='word_1_201' title='bbox 317 2026 557 2077; x_wconf 73' lang='lat' dir='ltr'><strong>quaestionem</strong></span> <span class='ocrx_word' id='word_1_202' title='bbox 585 2028 757 2065; x_wconf 77' lang='lat' dir='ltr'><strong>relatum.</strong></span> <span class='ocrx_word' id='word_1_203' title='bbox 795 2029 920 2066; x_wconf 71' lang='lat' dir='ltr'><strong>Guelf.</strong></span> <span class='ocrx_word' id='word_1_204' title='bbox 951 2028 1066 2065; x_wconf 85' lang='lat' dir='ltr'><strong>Goth.</strong></span> <span class='ocrx_word' id='word_1_205' title='bbox 1097 2030 1191 2073; x_wconf 86' lang='lat' dir='ltr'><strong>(tac.</strong></span> <span class='ocrx_word' id='word_1_206' title='bbox 1215 2027 1348 2072; x_wconf 79' lang='lat' dir='ltr'><strong>Gesn.)</strong></span> <span class='ocrx_word' id='word_1_207' title='bbox 1377 2027 1480 2065; x_wconf 80' lang='lat' dir='ltr'><strong>Voff.</strong></span> <span class='ocrx_word' id='word_1_208' title='bbox 1502 2035 1540 2061; x_wconf 84' lang='lat'><strong>2.</strong></span> 
     </span>
     <span class='ocr_line' id='line_1_27' title="bbox 241 2085 419 2120; baseline 0 0"><span class='ocrx_word' id='word_1_209' title='bbox 241 2085 419 2120; x_wconf 74' lang='lat' dir='ltr'><strong>exordiar.</strong></span> 
     </span>
    </p>
   </div>
   <div class='ocr_carea' id='block_1_5' title="bbox 245 2194 869 2300">
    <p class='ocr_par' dir='ltr' id='par_1_6' title="bbox 245 2194 869 2300">
     <span class='ocr_line' id='line_1_28' title="bbox 245 2194 868 2245; baseline 0.003 -14"><span class='ocrx_word' id='word_1_210' title='bbox 245 2194 338 2232; x_wconf 81' lang='lat' dir='ltr'><strong>haec</strong></span> <span class='ocrx_word' id='word_1_211' title='bbox 366 2198 493 2233; x_wconf 83' lang='lat' dir='ltr'><strong>redeat</strong></span> <span class='ocrx_word' id='word_1_212' title='bbox 520 2198 745 2245; x_wconf 78' lang='lat' dir='ltr'><strong>conjectura.</strong></span> <span class='ocrx_word' id='word_1_213' title='bbox 792 2199 868 2234; x_wconf 84' lang='lat' dir='ltr'><strong>Mi-</strong></span> 
     </span>
     <span class='ocr_line' id='line_1_29' title="bbox 245 2253 869 2300; baseline 0.002 -14"><span class='ocrx_word' id='word_1_214' title='bbox 245 2264 316 2287; x_wconf 76' lang='lat' dir='ltr'><strong>nus</strong></span> <span class='ocrx_word' id='word_1_215' title='bbox 341 2262 462 2286; x_wconf 85' lang='lat' dir='ltr'><strong>tamen</strong></span> <span class='ocrx_word' id='word_1_216' title='bbox 486 2254 678 2299; x_wconf 85' lang='lat' dir='ltr'><strong>perspicue</strong></span> <span class='ocrx_word' id='word_1_217' title='bbox 711 2253 869 2300; x_wconf 81' lang='lat' dir='ltr'><strong>qualitas</strong></span> 
     </span>
    </p>
   </div>
   <div class='ocr_carea' id='block_1_6' title="bbox 925 2195 1543 2299">
    <p class='ocr_par' dir='ltr' id='par_1_7' title="bbox 925 2195 1543 2299">
     <span class='ocr_line' id='line_1_30' title="bbox 981 2195 1541 2246; baseline -0.007 -12"><span class='ocrx_word' id='word_1_218' title='bbox 981 2198 1045 2241; x_wconf 80' lang='lat'><strong>65.</strong></span> <span class='ocrx_word' id='word_1_219' title='bbox 1074 2197 1395 2246; x_wconf 67' lang='lat' dir='ltr'><strong>quia—audiunt.</strong></span> <span class='ocrx_word' id='word_1_220' title='bbox 1424 2195 1541 2232; x_wconf 77' lang='lat' dir='ltr'><strong>Goth.</strong></span> 
     </span>
     <span class='ocr_line' id='line_1_31' title="bbox 925 2249 1543 2299; baseline -0.002 -12"><span class='ocrx_word' id='word_1_221' title='bbox 925 2249 1023 2299; x_wconf 86' lang='lat' dir='ltr'><strong>(tac.</strong></span> <span class='ocrx_word' id='word_1_222' title='bbox 1050 2253 1186 2297; x_wconf 71' lang='lat' dir='ltr'><strong>Gern.)</strong></span> <span class='ocrx_word' id='word_1_223' title='bbox 1206 2262 1243 2287; x_wconf 89' lang='lat' dir='ltr'><strong>et</strong></span> <span class='ocrx_word' id='word_1_224' title='bbox 1263 2251 1456 2299; x_wconf 78' lang='lat' dir='ltr'><strong>Campani,</strong></span> <span class='ocrx_word' id='word_1_225' title='bbox 1488 2253 1543 2286; x_wconf 83' lang='lat' dir='ltr'><strong>[o-</strong></span> 
     </span>
    </p>
   </div>
   <div class='ocr_carea' id='block_1_7' title="bbox 246 2305 872 2784">
    <p class='ocr_par' dir='ltr' id='par_1_8' title="bbox 246 2305 872 2784">
     <span class='ocr_line' id='line_1_32' title="bbox 247 2305 868 2354; baseline 0 -14"><span class='ocrx_word' id='word_1_226' title='bbox 247 2305 456 2354; x_wconf 81' lang='lat' dir='ltr'><strong>appellatur</strong></span> <span class='ocrx_word' id='word_1_227' title='bbox 483 2306 773 2347; x_wconf 83' lang='lat' dir='ltr'><strong>instrumentum</strong></span> <span class='ocrx_word' id='word_1_228' title='bbox 803 2308 868 2341; x_wconf 80' lang='lat' dir='ltr'><strong>sta-</strong></span> 
     </span>
     <span class='ocr_line' id='line_1_33' title="bbox 248 2361 868 2409; baseline 0 -14"><span class='ocrx_word' id='word_1_229' title='bbox 248 2370 321 2401; x_wconf 83' lang='lat' dir='ltr'><strong>tus,</strong></span> <span class='ocrx_word' id='word_1_230' title='bbox 347 2374 432 2395; x_wconf 87' lang='lat' dir='ltr'><strong>cum</strong></span> <span class='ocrx_word' id='word_1_231' title='bbox 457 2363 499 2396; x_wconf 82' lang='lat' dir='ltr'><strong>fit</strong></span> <span class='ocrx_word' id='word_1_232' title='bbox 521 2362 596 2409; x_wconf 84' lang='lat' dir='ltr'><strong>ipsa</strong></span> <span class='ocrx_word' id='word_1_233' title='bbox 617 2361 738 2397; x_wconf 83' lang='lat' dir='ltr'><strong>status.</strong></span> <span class='ocrx_word' id='word_1_234' title='bbox 793 2362 868 2395; x_wconf 84' lang='lat' dir='ltr'><strong>Ex·</strong></span> 
     </span>
     <span class='ocr_line' id='line_1_34' title="bbox 247 2415 870 2464; baseline 0.002 -15"><span class='ocrx_word' id='word_1_235' title='bbox 247 2415 415 2463; x_wconf 83' lang='lat' dir='ltr'><strong>peditius</strong></span> <span class='ocrx_word' id='word_1_236' title='bbox 437 2416 486 2450; x_wconf 84' lang='lat' dir='ltr'><strong>est</strong></span> <span class='ocrx_word' id='word_1_237' title='bbox 505 2416 608 2463; x_wconf 90' lang='lat' dir='ltr'><strong>quod</strong></span> <span class='ocrx_word' id='word_1_238' title='bbox 634 2415 787 2464; x_wconf 84' lang='lat' dir='ltr'><strong>persona</strong></span> <span class='ocrx_word' id='word_1_239' title='bbox 814 2417 870 2450; x_wconf 80' lang='lat' dir='ltr'><strong>di-</strong></span> 
     </span>
     <span class='ocr_line' id='line_1_35' title="bbox 249 2469 872 2517; baseline 0.002 -13"><span class='ocrx_word' id='word_1_240' title='bbox 249 2470 349 2504; x_wconf 86' lang='lat' dir='ltr'><strong>citur</strong></span> <span class='ocrx_word' id='word_1_241' title='bbox 368 2471 556 2517; x_wconf 80' lang='lat' dir='ltr'><strong>pertinere</strong></span> <span class='ocrx_word' id='word_1_242' title='bbox 576 2472 621 2506; x_wconf 80' lang='lat' dir='ltr'><strong>ad</strong></span> <span class='ocrx_word' id='word_1_243' title='bbox 641 2469 872 2517; x_wconf 79' lang='lat' dir='ltr'><strong>instrumenta</strong></span> 
     </span>
     <span class='ocr_line' id='line_1_36' title="bbox 250 2524 870 2573; baseline 0.003 -15"><span class='ocrx_word' id='word_1_244' title='bbox 250 2524 440 2570; x_wconf 79' lang='lat' dir='ltr'><strong>qualitatis</strong></span> <span class='ocrx_word' id='word_1_245' title='bbox 463 2534 499 2568; x_wconf 78' lang='lat'><strong>3,</strong></span> <span class='ocrx_word' id='word_1_246' title='bbox 525 2526 560 2566; x_wconf 88' lang='lat'><strong>6,</strong></span> <span class='ocrx_word' id='word_1_247' title='bbox 584 2533 646 2568; x_wconf 84' lang='lat'><strong>25.</strong></span> <span class='ocrx_word' id='word_1_248' title='bbox 679 2538 754 2573; x_wconf 86' lang='lat' dir='ltr'><strong>quo</strong></span> <span class='ocrx_word' id='word_1_249' title='bbox 783 2525 870 2560; x_wconf 89' lang='lat' dir='ltr'><strong>loco</strong></span> 
     </span>
     <span class='ocr_line' id='line_1_37' title="bbox 248 2576 870 2631; baseline 0.003 -19"><span class='ocrx_word' id='word_1_250' title='bbox 248 2576 314 2613; x_wconf 79' lang='lat' dir='ltr'><strong>hic</strong></span> <span class='ocrx_word' id='word_1_251' title='bbox 360 2580 482 2615; x_wconf 84' lang='lat' dir='ltr'><strong>utitur</strong></span> <span class='ocrx_word' id='word_1_252' title='bbox 527 2580 682 2631; x_wconf 81' lang='lat' dir='ltr'><strong>Capper.</strong></span> <span class='ocrx_word' id='word_1_253' title='bbox 749 2581 870 2627; x_wconf 82' lang='lat' dir='ltr'><strong>Quam</strong></span> 
     </span>
     <span class='ocr_line' id='line_1_38' title="bbox 249 2632 870 2680; baseline 0.005 -14"><span class='ocrx_word' id='word_1_254' title='bbox 249 2634 358 2667; x_wconf 63' lang='lat' dir='ltr'><strong>varie</strong></span> <span class='ocrx_word' id='word_1_255' title='bbox 386 2632 608 2680; x_wconf 83' lang='lat' dir='ltr'><strong>instrumenti</strong></span> <span class='ocrx_word' id='word_1_256' title='bbox 639 2634 870 2671; x_wconf 78' lang='lat' dir='ltr'><strong>vocabulum</strong></span> 
     </span>
     <span class='ocr_line' id='line_1_39' title="bbox 246 2689 870 2735; baseline 0.014 -15"><span class='ocrx_word' id='word_1_257' title='bbox 246 2696 366 2735; x_wconf 73' lang='lat' dir='ltr'><strong>ponat</strong></span> <span class='ocrx_word' id='word_1_258' title='bbox 394 2689 536 2730; x_wconf 83' lang='lat' dir='ltr'><strong>noster,</strong></span> <span class='ocrx_word' id='word_1_259' title='bbox 571 2691 741 2726; x_wconf 74' lang='lat' dir='ltr'><strong>vidimus</strong></span> <span class='ocrx_word' id='word_1_260' title='bbox 763 2689 809 2724; x_wconf 78' lang='lat' dir='ltr'><strong>ad</strong></span> <span class='ocrx_word' id='word_1_261' title='bbox 834 2695 870 2733; x_wconf 73' lang='grc'><strong>4,</strong></span> 
     </span>
     <span class='ocr_line' id='line_1_40' title="bbox 248 2743 763 2784; baseline 0.012 -9"><span class='ocrx_word' id='word_1_262' title='bbox 248 2750 286 2780; x_wconf 86' lang='lat'><strong>2,</strong></span> <span class='ocrx_word' id='word_1_263' title='bbox 310 2749 374 2784; x_wconf 87' lang='lat'><strong>55.</strong></span> <span class='ocrx_word' id='word_1_264' title='bbox 419 2743 464 2778; x_wconf 82' lang='lat' dir='ltr'><strong>cf.</strong></span> <span class='ocrx_word' id='word_1_265' title='bbox 486 2743 550 2779; x_wconf 84' lang='lat' dir='ltr'><strong>hio</strong></span> <span class='ocrx_word' id='word_1_266' title='bbox 579 2756 658 2781; x_wconf 87' lang='lat' dir='ltr'><strong>not.</strong></span> <span class='ocrx_word' id='word_1_267' title='bbox 681 2745 763 2781; x_wconf 74' lang='lat' dir='ltr'><strong>crit.</strong></span> 
     </span>
    </p>
   </div>
   <div class='ocr_carea' id='block_1_8' title="bbox 923 2306 1547 2505">
    <p class='ocr_par' dir='ltr' id='par_1_9' title="bbox 923 2306 1547 2505">
     <span class='ocr_line' id='line_1_41' title="bbox 923 2306 1546 2354; baseline -0.002 -13"><span class='ocrx_word' id='word_1_268' title='bbox 923 2306 1072 2346; x_wconf 86' lang='lat' dir='ltr'><strong>lorum,</strong></span> <span class='ocrx_word' id='word_1_269' title='bbox 1103 2307 1283 2354; x_wconf 78' lang='lat' dir='ltr'><strong>scriptura</strong></span> <span class='ocrx_word' id='word_1_270' title='bbox 1313 2319 1383 2354; x_wconf 84' lang='lat' dir='ltr'><strong>qua</strong></span> <span class='ocrx_word' id='word_1_271' title='bbox 1410 2325 1465 2332; x_wconf 93' lang='lat'>—</span> <span class='ocrx_word' id='word_1_272' title='bbox 1482 2320 1546 2340; x_wconf 87' lang='lat' dir='ltr'><strong>au·</strong></span> 
     </span>
     <span class='ocr_line' id='line_1_42' title="bbox 926 2360 1546 2408; baseline 0 -14"><span class='ocrx_word' id='word_1_273' title='bbox 926 2361 1031 2395; x_wconf 77' lang='lat' dir='ltr'><strong>diunt</strong></span> <span class='ocrx_word' id='word_1_274' title='bbox 1057 2360 1171 2408; x_wconf 80' lang='lat' dir='ltr'><strong>longe</strong></span> <span class='ocrx_word' id='word_1_275' title='bbox 1204 2360 1412 2408; x_wconf 82' lang='lat' dir='ltr'><strong>elegantior</strong></span> <span class='ocrx_word' id='word_1_276' title='bbox 1439 2361 1546 2395; x_wconf 84' lang='lat' dir='ltr'><strong>vide-</strong></span> 
     </span>
     <span class='ocr_line' id='line_1_43' title="bbox 927 2416 1547 2465; baseline 0.002 -16"><span class='ocrx_word' id='word_1_277' title='bbox 927 2426 999 2451; x_wconf 81' lang='lat' dir='ltr'><strong>tur.</strong></span> <span class='ocrx_word' id='word_1_278' title='bbox 1054 2416 1217 2450; x_wconf 81' lang='lat' dir='ltr'><strong>Fortaffe</strong></span> <span class='ocrx_word' id='word_1_279' title='bbox 1256 2426 1292 2450; x_wconf 87' lang='lat' dir='ltr'><strong>et</strong></span> <span class='ocrx_word' id='word_1_280' title='bbox 1331 2428 1400 2463; x_wconf 83' lang='lat' dir='ltr'><strong>quo</strong></span> <span class='ocrx_word' id='word_1_281' title='bbox 1435 2427 1547 2465; x_wconf 77' lang='lat' dir='ltr'><strong>repo-</strong></span> 
     </span>
     <span class='ocr_line' id='line_1_44' title="bbox 925 2483 1003 2505; baseline 0.013 -1"><span class='ocrx_word' id='word_1_282' title='bbox 925 2483 1003 2505; x_wconf 78' lang='lat' dir='ltr'><strong>nes.</strong></span> 
     </span>
    </p>
   </div>
   <div class='ocr_carea' id='block_1_9' title="bbox 932 2543 1547 2644">
    <p class='ocr_par' dir='ltr' id='par_1_10' title="bbox 932 2543 1547 2644">
     <span class='ocr_line' id='line_1_45' title="bbox 981 2543 1547 2586; baseline 0.002 -6"><span class='ocrx_word' id='word_1_283' title='bbox 981 2545 1135 2581; x_wconf 78' lang='lat' dir='ltr'><strong>mutabit</strong></span> <span class='ocrx_word' id='word_1_284' title='bbox 1184 2545 1334 2581; x_wconf 81' lang='lat' dir='ltr'><strong>utilitas.</strong></span> <span class='ocrx_word' id='word_1_285' title='bbox 1421 2543 1467 2581; x_wconf 79' lang='lat' dir='ltr'><strong>cf.</strong></span> <span class='ocrx_word' id='word_1_286' title='bbox 1508 2555 1547 2586; x_wconf 82' lang='lat'><strong>2,</strong></span> 
     </span>
     <span class='ocr_line' id='line_1_46' title="bbox 932 2610 1062 2644; baseline 0.008 -9"><span class='ocrx_word' id='word_1_287' title='bbox 932 2610 993 2644; x_wconf 75' lang='lat'><strong>13,</strong></span> <span class='ocrx_word' id='word_1_288' title='bbox 1026 2610 1062 2644; x_wconf 75' lang='lat'><strong>5.</strong></span> 
     </span>
    </p>
   </div>
   <div class='ocr_carea' id='block_1_10' title="bbox 927 2684 1547 2788">
    <p class='ocr_par' dir='ltr' id='par_1_11' title="bbox 927 2684 1547 2788">
     <span class='ocr_line' id='line_1_47' title="bbox 984 2684 1547 2736; baseline -0.004 -12"><span class='ocrx_word' id='word_1_289' title='bbox 984 2689 1047 2732; x_wconf 79' lang='lat'><strong>64.</strong></span> <span class='ocrx_word' id='word_1_290' title='bbox 1088 2690 1138 2724; x_wconf 81' lang='lat' dir='ltr'><strong>ad</strong></span> <span class='ocrx_word' id='word_1_291' title='bbox 1184 2689 1350 2725; x_wconf 80' lang='lat' dir='ltr'><strong>ultimam</strong></span> <span class='ocrx_word' id='word_1_292' title='bbox 1378 2684 1547 2736; x_wconf 82' lang='lat' dir='ltr'><strong>speciem.</strong></span> 
     </span>
     <span class='ocr_line' id='line_1_48' title="bbox 927 2743 1183 2788; baseline 0.008 -10"><span class='ocrx_word' id='word_1_293' title='bbox 927 2743 972 2779; x_wconf 82' lang='lat' dir='ltr'><strong>cf.</strong></span> <span class='ocrx_word' id='word_1_294' title='bbox 996 2753 1032 2787; x_wconf 89' lang='lat'><strong>7,</strong></span> <span class='ocrx_word' id='word_1_295' title='bbox 1057 2757 1090 2785; x_wconf 74' lang='grc' dir='ltr'><strong>ι,</strong></span> <span class='ocrx_word' id='word_1_296' title='bbox 1119 2752 1183 2788; x_wconf 81' lang='lat'><strong>25.</strong></span> 
     </span>
    </p>
   </div>
  </div>
 </body>
</html>
