1586 2990
1268 248 1331 297 ‘75

7 368 166 424 mdi
197 368 346 420 causa
373 377 674 434 paupertas,
711 383 822 417 non
847 366 948 415 erit
965 356 1122 414 'idem
1149 365 1209 414 in
1228 365 1338 415 Cu-

11 450 100 506 :tio⁴
116 447 463 511 Fabricioque
483 453 827 495 momentum.
884 444 976 492 De
994 437 1152 514 causa
1168 446 1332 507 prius,
1348 455 1402 495 59

1 542 83 576 ,οη
122 525 186 574 de
206 519 431 595 persona
459 520 745 571 dicendum
781 519 865 578 fit,
902 521 1205 586 quaeritur:
1246 537 1337 569 va-

14 603 200 666 rieque
237 598 309 650 est
339 599 402 649 ab
433 598 727 648 oratoribus
760 595 986 648 factum:
1024 613 1052 646 a
1079 597 1338 647 Cicerone

16 680 171 727 etiam
193 675 448 743 praelatae
475 673 783 739 frequenter
809 672 999 725 causae.
1062 673 1163 723 Sed
1185 674 1338 732 mihi,

17 744 56 804 si
78 764 266 804 neutro
305 753 414 804 litis
446 750 684 802 conditio
714 750 1121 839 praeponderet,
1158 749 1340 801 secun-

14 830 147 882 dum
197 840 436 880 naturam
483 827 699 877 videtur
745 828 979 894 incipere
1021 846 1057 877 a
1101 825 1338 901 persona.

14 908 157 958 Nam
180 906 284 955 hoc
303 906 466 970 magis
490 906 730 970 generale
757 904 855 963 est,
883 905 1180 968 rectiorque
1203 905 1343 955 divi-

15 983 118 1044 fio,
154 984 246 1035 An
276 1000 327 1053 m
361 945 519 1033 nullon
536 984 721 1032 crimen
754 978 1014 1040 credibile,
1052 998 1120 1030 an
1154 985 1205 1032 in
1236 980 1342 1032 lzoc.

211 239 375 290 ιΝετ.
420 240 698 288 ORATOR.
740 239 864 286 Lm.
910 239 1028 297 vn,
1072 252 1121 285 ρ.

101 1144 166 1182 578.
219 1139 259 1172 in
290 1137 410 1173 Curio.
479 1137 544 1172 Sic
571 1135 702 1171 Turio.
742 1133 869 1171 Guelf.
913 1135 1044 1183 Camp.
1087 1132 1205 1169 Goth.
1244 1131 1344 1171 Jens.

17 1195 112 1240 (tac.
137 1191 274 1239 Gesn..)
303 1206 391 1230 cum
416 1193 520 1231 Voff.
544 1203 580 1229 2.
611 1202 648 1228 et
669 1191 752 1227 edd.
786 1202 871 1227 ante
890 1190 998 1227 Bafil.
1031 1203 1110 1239 quo
1142 1203 1217 1226 aec.
1246 1188 1344 1225 Obr.

14 1249 174 1301 Reliqui
200 1249 371 1286 inserunt
393 1249 436 1287 T.
469 1262 611 1301 prave,
639 1249 706 1285 M’
732 1248 849 1285 enim.
878 1247 926 1285 cf.
955 1245 1153 1283 Drakenb.
1187 1245 1235 1283 ad
1252 1245 1344 1282 Liv.

19 1311 92 1350 ⁴52
118 1312 194 1350 582
231 1319 294 1341 ιι·

107 1383 172 1423 39.
211 1373 436 1424 frequenter.
495 1374 557 1409 Sic
585 1375 716 1412 Turic.
756 1375 889 1425 Camp.
930 1386 1019 1409 cum
1048 1371 1150 1408 Alm.
1190 1381 1228 1406 et
1260 1369 1346 1407 edd.

21 1442 106 1469 ante
123 1431 218 1482 Bul.
243 1430 391 1479 reliqui
415 1428 715 1480 frequentffvne.
874 1428 911 1481 fi
941 1438 1069 1467 neutro
1092 1447 1145 1456 --
1163 1440 1348 1478 praepon-

22 1488 132 1524 deret.
190 1487 323 1523 Turio.
345 1485 429 1536 fine
453 1487 548 1522 ultro
569 1488 647 1521 litis
674 1487 837 1524 conditIO
857 1494 1102 1533 praeponeret
1137 1497 1224 1519 cum
1242 1482 1346 1518 Alm.

23 1541 96 1579 Ille
124 1555 144 1576 a
174 1542 247 1584 sec.
269 1555 388 1577 manu
414 1541 452 1592 fi
470 1541 552 1594 fine
583 1543 659 1577 ullo
688 1543 766 1579 licis
798 1543 957 1577 convitio
986 1547 1230 1589 praeponeret
1258 1550 1350 1575 cnm

23 1596 138 1635 Bodl.
170 1608 208 1635 et
239 1597 464 1634 Guelf.nis1
497 1598 602 1646 quod
641 1597 706 1633 hic
739 1611 901 1645 praepon
881 1606 1004 1636 n,eLur
1053 1597 1094 1631 it.
1125 1595 1242 1632 Goth.
1279 1594 1351 1643 qui

25 1662 311 1702 praeponeretur
340 1651 440 1702 (err.
466 1655 573 1692 Gesn-
586 1656 605 1700 )
644 1655 775 1702 Camp.
797 1652 935 1703 fisne
964 1653 1050 1687 ullis
1076 1653 1154 1687 litis
1185 1653 1350 1687 convicio

23 1718 306 1760 praeponentur.
360 1709 437 1745 Alii
457 1709 578 1746 aliter.
627 1710 811 1746 Nost1um
840 1709 990 1758 pximus
1013 1708 1161 1758 G1yph.
1185 1705 1351 1755 (1544.)

113 1766 254 1800 videtur
274 1767 383 1814 incip.
445 1766 649 1811 Tu1·ic.(a
669 1766 736 1802 sec.
760 1765 906 1812 manu)
937 1764 1054 1800 Goth.
1084 1769 1182 1809 (tae.
1209 1764 1317 1798 Gesn.
1330 1762 1353 1812 )

27 1820 124 1867 Obr.
145 1822 327 1859 videretur
349 1824 372 1859 i.
591 1825 651 1858 An
673 1825 710 1857 in
732 1822 833 1857 nullo
857 1840 912 1848 —
934 1836 982 1856 an
1022 1822 1058 1855 in
1080 1821 1158 1856 hoc.
1218 1820 1350 1855 Turic-

27 1890 62 1915 α.
89 1877 230 1920 nullum
257 1897 311 1906 —
341 1893 389 1915 an
419 1878 486 1915 hoc
515 1891 604 1924 cum
626 1878 728 1916 Alm.
788 1877 862 1915 Sed
893 1891 914 1914 a
942 1878 1010 1916 sec.
1042 1891 1162 1913 manu
1188 1875 1256 1913 ille
1287 1884 1354 1914 aut:

22 2032 27 2035 .
85 2009 150 2048 59.
180 2003 300 2050 magis
315 2003 497 2050 generale.
538 2003 663 2040 Potest
719 1998 919 2039 an'nullus
939 2001 1052 2050 plane
1074 2003 1116 2037 fit
1139 2001 1286 2042 homo,
1312 2000 1357 2036 in

31 2057 199 2092 enimin
226 2058 334 2092 omni
352 2057 419 2093 lite
450 2058 525 2095 hoc
558 2060 662 2094 usur·
720 2071 798 2105 quo
827 2057 900 2093 tale
920 2058 1067 2093 crimen
1096 2057 1209 2106 possit
1238 2056 1358 2097 credi,

31 2111 140 2160 pari,
169 2125 258 2146 cum
282 2114 474 2150 causarum
504 2114 598 2150 aliae
621 2115 664 2151 in

32 2166 124 2204 alias
144 2167 289 2205 cadant.
347 2168 393 2204 cf.
420 2173 452 2216 §.
475 2176 540 2214 41.

88 2280 290 2328 rectiorque
311 2280 453 2327 clivifio.
510 2281 662 2318 Divino

33 2336 163 2372 rectior
208 2335 287 2373 dici
325 2336 480 2372 videtur
526 2337 663 2372 eodem

34 2390 154 2426 modo
187 2405 264 2439 quo
281 2390 505 2441 simplicior,
547 2395 663 2429 mani-

27 2443 173 2497 festior.
229 2447 271 2484 Si
291 2449 414 2483 causae
433 2459 566 2484 natma
585 2450 664 2498 pri-

29 2515 97 2540 ma
127 2512 329 2543 tractetur,
359 2500 553 2541 difficilius
583 2505 664 2540 fue-

26 2558 89 2602 φὴ
137 2558 182 2595 ab
222 2571 295 2594 una
339 2562 668 2607 argumentatione

35 2614 220 2665 progre‘th
240 2614 285 2651 ad
305 2614 472 2652 alteram.
508 2617 555 2652 Id
571 2630 667 2654 vero

35 2680 266 2720 perpetuum
291 2671 359 2711 est,
391 2682 428 2706 et
454 2683 555 2708 recte
585 2671 668 2708 fieri

25 2725 86 2765 ,ab
105 2738 342 2775 unoquoque
358 2727 534 2764 auditore
553 2742 667 2776 agno-

38 2781 172 2826 scitur,
210 2793 253 2820 ut
293 2784 422 2834 primo
454 2795 668 2836 quaeratur,

722 2113 882 2153 deinde,
914 2126 959 2149 an
980 2113 1066 2154 hic,
1093 2112 1162 2160 qui
1184 2125 1287 2148 nunc
1309 2112 1360 2148 est

720 2182 834 2209 reus,
863 2170 906 2204 fit
934 2168 1044 2209 talis3
1084 2180 1177 2215 quas
1209 2163 1280 2203 effe
1313 2167 1361 2205 de

720 2222 877 2273 persona
897 2224 1134 2272 quaestiones
1164 2223 1275 2259 facile
1296 2237 1359 2272 ap-

719 2291 828 2329 paret
847 2306 858 2321 ,
919 2293 1135 2328 quanquam
1184 2279 1361 2328 priorem

719 2335 827 2371 illam
849 2335 962 2384 poffit
979 2335 1122 2384 aliquis
1145 2335 1294 2371 trahere
1314 2336 1360 2371 ad

720 2393 985 2428 tractationem
1006 2394 1079 2432 rei,
1101 2405 1190 2428 cum
1220 2394 1247 2426 fi
1274 2390 1361 2429 nul-

720 2447 782 2483 lus
795 2447 915 2484 homo
937 2449 1129 2485 censeatur
1148 2447 1226 2482 hoc
1241 2448 1361 2483 factu-

721 2517 811 2544 rus,
841 2504 932 2541 sacti
962 2504 1079 2552 ipfius
1113 2513 1288 2539 naturam
1319 2503 1363 2537 in

724 2561 829 2598 causa
860 2560 953 2600 effe,
991 2559 1135 2594 necesse
1174 2560 1228 2594 fit.
1289 2558 1364 2594 Sed

724 2629 772 2653 ne
822 2617 966 2664 cogitat
1028 2615 1188 2663 quidem
1237 2614 1365 2650 noster

724 2685 828 2707 nunc
861 2672 907 2706 de
930 2669 1108 2720 personae
1130 2681 1168 2706 et
1192 2672 1265 2711 rei,
1296 2684 1363 2707 ve·

725 2742 814 2763 rum
853 2728 899 2763 de
938 2725 1118 2776 personae
1164 2737 1202 2764 et
1237 2725 1364 2778 causae

721 2783 820 2836 facti
842 2783 1042 2822 divifione.
