<?xml version="1.0" encoding="UTF-8"?>
<!DOCTYPE html PUBLIC "-//W3C//DTD XHTML 1.0 Transitional//EN"
    "http://www.w3.org/TR/xhtml1/DTD/xhtml1-transitional.dtd">
<html xmlns="http://www.w3.org/1999/xhtml" xml:lang="en" lang="en">
 <head>
  <title>
</title>
<meta http-equiv="Content-Type" content="text/html;charset=utf-8" />
  <meta name='ocr-system' content='tesseract 3.04.00' />
  <meta name='ocr-capabilities' content='ocr_page ocr_carea ocr_par ocr_line ocrx_word'/>
</head>
<body>
  <div class='ocr_page' id='page_1' title='image "./lexiconquintilia03bonnuoft_0457.png"; bbox 0 0 1586 2990; ppageno 0'>
   <div class='ocr_carea' id='block_1_1' title="bbox 318 31 1420 90">
    <p class='ocr_par' dir='ltr' id='par_1_1' title="bbox 318 31 1420 90">
     <span class='ocr_line' id='line_1_1' title="bbox 318 31 1420 90; baseline -0.003 -13"><span class='ocrx_word' id='word_1_1' title='bbox 318 31 482 78; x_wconf 87' lang='lat' dir='ltr'><strong>INST.</strong></span> <span class='ocrx_word' id='word_1_2' title='bbox 526 32 810 83; x_wconf 42' lang='lat' dir='ltr'><strong>ORATOR*</strong></span> <span class='ocrx_word' id='word_1_3' title='bbox 849 31 971 76; x_wconf 84' lang='lat' dir='ltr'><strong>LIB.</strong></span> <span class='ocrx_word' id='word_1_4' title='bbox 1011 31 1099 88; x_wconf 85' lang='lat' dir='ltr'>IX,</span> <span class='ocrx_word' id='word_1_5' title='bbox 1136 43 1180 76; x_wconf 67' lang='grc' dir='ltr'>Ω.</span> <span class='ocrx_word' id='word_1_6' title='bbox 1321 38 1420 90; x_wconf 74' lang='lat'>439</span> 
     </span>
    </p>
   </div>
   <div class='ocr_carea' id='block_1_2' title="bbox 55 154 1562 1379">
    <p class='ocr_par' dir='ltr' id='par_1_2' title="bbox 55 154 1562 1379">
     <span class='ocr_line' id='line_1_2' title="bbox 83 154 1421 224; baseline -0.002 -15"><span class='ocrx_word' id='word_1_7' title='bbox 83 155 184 209; x_wconf 82' lang='lat' dir='ltr'>stio</span> <span class='ocrx_word' id='word_1_8' title='bbox 214 158 274 209; x_wconf 87' lang='lat' dir='ltr'>in</span> <span class='ocrx_word' id='word_1_9' title='bbox 300 173 364 207; x_wconf 90' lang='lat' dir='ltr'>eo</span> <span class='ocrx_word' id='word_1_10' title='bbox 393 155 646 217; x_wconf 62' lang='lat' dir='ltr'>constitit,</span> <span class='ocrx_word' id='word_1_11' title='bbox 686 156 836 224; x_wconf 86' lang='lat' dir='ltr'>quod</span> <span class='ocrx_word' id='word_1_12' title='bbox 859 154 1058 223; x_wconf 85' lang='lat' dir='ltr'>figurae</span> <span class='ocrx_word' id='word_1_13' title='bbox 1094 167 1299 224; x_wconf 83' lang='lat' dir='ltr'>petunt.</span> <span class='ocrx_word' id='word_1_14' title='bbox 1349 158 1421 206; x_wconf 91' lang='lat' dir='ltr'>At</span> 
     </span>
     <span class='ocr_line' id='line_1_3' title="bbox 84 234 1546 301; baseline -0.001 -16"><span class='ocrx_word' id='word_1_15' title='bbox 84 251 209 286; x_wconf 88' lang='lat' dir='ltr'>cum</span> <span class='ocrx_word' id='word_1_16' title='bbox 229 234 504 284; x_wconf 71' lang='lat' dir='ltr'>maledicta</span> <span class='ocrx_word' id='word_1_17' title='bbox 522 234 644 285; x_wconf 82' lang='lat' dir='ltr'>funt</span> <span class='ocrx_word' id='word_1_18' title='bbox 670 245 892 293; x_wconf 84' lang='lat' dir='ltr'>tantum,</span> <span class='ocrx_word' id='word_1_19' title='bbox 916 243 967 283; x_wconf 87' lang='lat' dir='ltr'>et</span> <span class='ocrx_word' id='word_1_20' title='bbox 981 250 1094 283; x_wconf 90' lang='lat' dir='ltr'>non</span> <span class='ocrx_word' id='word_1_21' title='bbox 1118 235 1417 301; x_wconf 86' lang='lat' dir='ltr'>intelligere</span> <span class='ocrx_word' id='word_1_22' title='bbox 1544 287 1546 290; x_wconf 54' lang='grc'>,</span> 
     </span>
     <span class='ocr_line' id='line_1_4' title="bbox 81 309 1562 378; baseline -0.003 -16"><span class='ocrx_word' id='word_1_23' title='bbox 81 313 297 362; x_wconf 88' lang='lat' dir='ltr'>interim</span> <span class='ocrx_word' id='word_1_24' title='bbox 319 312 490 362; x_wconf 87' lang='lat' dir='ltr'>bonae</span> <span class='ocrx_word' id='word_1_25' title='bbox 518 311 864 363; x_wconf 83' lang='lat' dir='ltr'>conscientiae</span> <span class='ocrx_word' id='word_1_26' title='bbox 885 309 970 361; x_wconf 85' lang='lat' dir='ltr'>est.</span> <span class='ocrx_word' id='word_1_27' title='bbox 1049 314 1224 378; x_wconf 80' lang='lat' dir='ltr'>Atque</span> <span class='ocrx_word' id='word_1_28' title='bbox 1255 314 1413 360; x_wconf 86' lang='lat' dir='ltr'>etiam</span> <span class='ocrx_word' id='word_1_29' title='bbox 1429 318 1482 360; x_wconf 79' lang='grc'>94</span> <span class='ocrx_word' id='word_1_30' title='bbox 1558 354 1562 358; x_wconf 86' lang='grc'><strong>,</strong></span> 
     </span>
     <span class='ocr_line' id='line_1_5' title="bbox 55 382 1417 455; baseline 0 -18"><span class='ocrx_word' id='word_1_31' title='bbox 55 387 120 438; x_wconf 48' lang='grc' dir='ltr'>ἵΙί</span> <span class='ocrx_word' id='word_1_32' title='bbox 147 387 350 438; x_wconf 85' lang='lat' dir='ltr'>fuerint</span> <span class='ocrx_word' id='word_1_33' title='bbox 380 390 668 439; x_wconf 85' lang='lat' dir='ltr'>crebriores</span> <span class='ocrx_word' id='word_1_34' title='bbox 706 382 931 455; x_wconf 79' lang='lat' dir='ltr'>figurae,</span> <span class='ocrx_word' id='word_1_35' title='bbox 980 405 1138 454; x_wconf 81' lang='lat' dir='ltr'>quam</span> <span class='ocrx_word' id='word_1_36' title='bbox 1170 399 1232 437; x_wconf 88' lang='lat' dir='ltr'>ut</span> <span class='ocrx_word' id='word_1_37' title='bbox 1263 387 1417 438; x_wconf 64' lang='lat' dir='ltr'>disfi-</span> 
     </span>
     <span class='ocr_line' id='line_1_6' title="bbox 78 463 1413 532; baseline -0.001 -18"><span class='ocrx_word' id='word_1_38' title='bbox 78 466 274 515; x_wconf 87' lang='lat' dir='ltr'>mulari</span> <span class='ocrx_word' id='word_1_39' title='bbox 299 465 508 532; x_wconf 86' lang='lat' dir='ltr'>poffint,</span> <span class='ocrx_word' id='word_1_40' title='bbox 546 464 924 532; x_wconf 85' lang='lat' dir='ltr'>postulandum</span> <span class='ocrx_word' id='word_1_41' title='bbox 948 464 1043 525; x_wconf 87' lang='lat' dir='ltr'>est,</span> <span class='ocrx_word' id='word_1_42' title='bbox 1079 463 1253 515; x_wconf 85' lang='lat' dir='ltr'>nescio</span> <span class='ocrx_word' id='word_1_43' title='bbox 1278 464 1413 531; x_wconf 85' lang='lat' dir='ltr'>quid</span> 
     </span>
     <span class='ocr_line' id='line_1_7' title="bbox 78 541 1411 608; baseline -0.001 -16"><span class='ocrx_word' id='word_1_44' title='bbox 78 541 249 600; x_wconf 86' lang='lat' dir='ltr'>illud,</span> <span class='ocrx_word' id='word_1_45' title='bbox 323 542 471 608; x_wconf 81' lang='lat' dir='ltr'>quod</span> <span class='ocrx_word' id='word_1_46' title='bbox 524 541 806 593; x_wconf 84' lang='lat' dir='ltr'>adversarii</span> <span class='ocrx_word' id='word_1_47' title='bbox 856 543 1090 607; x_wconf 85' lang='lat' dir='ltr'>obliquis</span> <span class='ocrx_word' id='word_1_48' title='bbox 1141 541 1411 591; x_wconf 82' lang='lat' dir='ltr'>sententiis</span> 
     </span>
     <span class='ocr_line' id='line_1_8' title="bbox 76 617 1413 684; baseline -0.001 -15"><span class='ocrx_word' id='word_1_49' title='bbox 76 617 365 684; x_wconf 86' lang='lat' dir='ltr'>fignificare</span> <span class='ocrx_word' id='word_1_50' title='bbox 395 621 695 680; x_wconf 86' lang='lat' dir='ltr'>voluerint,</span> <span class='ocrx_word' id='word_1_51' title='bbox 734 619 773 669; x_wconf 85' lang='lat' dir='ltr'><strong>fi</strong></span> <span class='ocrx_word' id='word_1_52' title='bbox 807 618 1003 670; x_wconf 83' lang='lat' dir='ltr'>fiducia</span> <span class='ocrx_word' id='word_1_53' title='bbox 1033 618 1120 678; x_wconf 80' lang='lat' dir='ltr'>fit,</span> <span class='ocrx_word' id='word_1_54' title='bbox 1162 620 1413 681; x_wconf 86' lang='lat' dir='ltr'>objiciant</span> 
     </span>
     <span class='ocr_line' id='line_1_9' title="bbox 76 694 1411 763; baseline 0 -19"><span class='ocrx_word' id='word_1_55' title='bbox 76 697 278 763; x_wconf 84' lang='lat' dir='ltr'><strong>palam:</strong></span> <span class='ocrx_word' id='word_1_56' title='bbox 322 706 411 746; x_wconf 86' lang='lat' dir='ltr'>aut</span> <span class='ocrx_word' id='word_1_57' title='bbox 436 708 573 746; x_wconf 88' lang='lat' dir='ltr'>certe</span> <span class='ocrx_word' id='word_1_58' title='bbox 594 715 706 747; x_wconf 89' lang='lat' dir='ltr'>non</span> <span class='ocrx_word' id='word_1_59' title='bbox 736 698 968 763; x_wconf 84' lang='lat' dir='ltr'>exigant,</span> <span class='ocrx_word' id='word_1_60' title='bbox 1010 706 1092 754; x_wconf 86' lang='lat' dir='ltr'>ut,</span> <span class='ocrx_word' id='word_1_61' title='bbox 1131 696 1281 761; x_wconf 85' lang='lat' dir='ltr'>quod</span> <span class='ocrx_word' id='word_1_62' title='bbox 1312 694 1411 761; x_wconf 81' lang='lat' dir='ltr'>ipfi</span> 
     </span>
     <span class='ocr_line' id='line_1_10' title="bbox 75 772 1411 837; baseline 0 -15"><span class='ocrx_word' id='word_1_63' title='bbox 75 790 188 822; x_wconf 87' lang='lat' dir='ltr'>non</span> <span class='ocrx_word' id='word_1_64' title='bbox 214 772 410 824; x_wconf 84' lang='lat' dir='ltr'>audent</span> <span class='ocrx_word' id='word_1_65' title='bbox 441 774 642 833; x_wconf 85' lang='lat' dir='ltr'>dicere,</span> <span class='ocrx_word' id='word_1_66' title='bbox 680 774 739 823; x_wconf 85' lang='lat' dir='ltr'>id</span> <span class='ocrx_word' id='word_1_67' title='bbox 761 774 963 837; x_wconf 87' lang='lat' dir='ltr'>judices</span> <span class='ocrx_word' id='word_1_68' title='bbox 987 791 1100 822; x_wconf 87' lang='lat' dir='ltr'>non</span> <span class='ocrx_word' id='word_1_69' title='bbox 1130 773 1299 822; x_wconf 85' lang='lat' dir='ltr'>modo</span> <span class='ocrx_word' id='word_1_70' title='bbox 1326 774 1411 822; x_wconf 89' lang='lat' dir='ltr'>in-</span> 
     </span>
     <span class='ocr_line' id='line_1_11' title="bbox 75 849 1476 915; baseline 0 -18"><span class='ocrx_word' id='word_1_71' title='bbox 75 850 341 915; x_wconf 85' lang='lat' dir='ltr'>telligant,</span> <span class='ocrx_word' id='word_1_72' title='bbox 374 849 463 899; x_wconf 82' lang='lat' dir='ltr'>sed</span> <span class='ocrx_word' id='word_1_73' title='bbox 489 853 645 901; x_wconf 89' lang='lat' dir='ltr'>etiam</span> <span class='ocrx_word' id='word_1_74' title='bbox 670 851 896 900; x_wconf 82' lang='lat' dir='ltr'>credant.</span> <span class='ocrx_word' id='word_1_75' title='bbox 949 851 1109 899; x_wconf 85' lang='lat' dir='ltr'>Utilis</span> <span class='ocrx_word' id='word_1_76' title='bbox 1133 852 1290 898; x_wconf 86' lang='lat' dir='ltr'>etiam</span> <span class='ocrx_word' id='word_1_77' title='bbox 1315 850 1409 898; x_wconf 86' lang='lat' dir='ltr'>ali-</span> <span class='ocrx_word' id='word_1_78' title='bbox 1423 859 1476 902; x_wconf 87' lang='lat'>95</span> 
     </span>
     <span class='ocr_line' id='line_1_12' title="bbox 75 926 1410 991; baseline 0 -17"><span class='ocrx_word' id='word_1_79' title='bbox 75 926 290 991; x_wconf 81' lang='lat' dir='ltr'>quando</span> <span class='ocrx_word' id='word_1_80' title='bbox 312 926 659 978; x_wconf 84' lang='lat' dir='ltr'>disfimulatio</span> <span class='ocrx_word' id='word_1_81' title='bbox 681 927 770 986; x_wconf 81' lang='lat' dir='ltr'>est,</span> <span class='ocrx_word' id='word_1_82' title='bbox 803 938 863 979; x_wconf 89' lang='lat' dir='ltr'>ut</span> <span class='ocrx_word' id='word_1_83' title='bbox 886 929 947 976; x_wconf 82' lang='lat' dir='ltr'>in</span> <span class='ocrx_word' id='word_1_84' title='bbox 969 944 1049 984; x_wconf 82' lang='lat' dir='ltr'>eo,</span> <span class='ocrx_word' id='word_1_85' title='bbox 1085 927 1108 990; x_wconf 84' lang='lat'><strong>(</strong></span> <span class='ocrx_word' id='word_1_86' title='bbox 1119 938 1243 975; x_wconf 83' lang='lat' dir='ltr'>nota</span> <span class='ocrx_word' id='word_1_87' title='bbox 1263 927 1410 977; x_wconf 89' lang='lat' dir='ltr'>enim</span> 
     </span>
     <span class='ocr_line' id='line_1_13' title="bbox 72 1000 1443 1070; baseline 0.001 -19"><span class='ocrx_word' id='word_1_88' title='bbox 72 1002 252 1052; x_wconf 84' lang='lat' dir='ltr'>fabula</span> <span class='ocrx_word' id='word_1_89' title='bbox 278 1003 386 1070; x_wconf 87' lang='lat' dir='ltr'>est)</span> <span class='ocrx_word' id='word_1_90' title='bbox 412 1006 524 1070; x_wconf 88' lang='lat' dir='ltr'>qui,</span> <span class='ocrx_word' id='word_1_91' title='bbox 551 1022 673 1054; x_wconf 89' lang='lat' dir='ltr'>cum</span> <span class='ocrx_word' id='word_1_92' title='bbox 699 1003 820 1054; x_wconf 80' lang='lat' dir='ltr'>effet</span> <span class='ocrx_word' id='word_1_93' title='bbox 840 1014 1020 1054; x_wconf 86' lang='lat' dir='ltr'>contra</span> <span class='ocrx_word' id='word_1_94' title='bbox 1039 1020 1165 1052; x_wconf 85' lang='lat' dir='ltr'>eum</span> <span class='ocrx_word' id='word_1_95' title='bbox 1188 1004 1409 1061; x_wconf 86' lang='lat' dir='ltr'>dictum,</span> <span class='ocrx_word' id='word_1_96' title='bbox 1438 1000 1443 1006; x_wconf 71' lang='grc'><em>’</em></span> 
     </span>
     <span class='ocr_line' id='line_1_14' title="bbox 71 1077 1408 1146; baseline -0.001 -18"><span class='ocrx_word' id='word_1_97' title='bbox 71 1081 208 1134; x_wconf 84' lang='lat' dir='ltr'>Iura</span> <span class='ocrx_word' id='word_1_98' title='bbox 233 1096 335 1144; x_wconf 81' lang='lat' dir='ltr'>per</span> <span class='ocrx_word' id='word_1_99' title='bbox 353 1084 568 1146; x_wconf 76' lang='lat' dir='ltr'>patroni</span> <span class='ocrx_word' id='word_1_100' title='bbox 593 1083 671 1128; x_wconf 81' lang='lat' dir='ltr'>cui</span> <span class='ocrx_word' id='word_1_101' title='bbox 702 1084 917 1139; x_wconf 79' lang='lat' dir='ltr'>cineres,</span> <span class='ocrx_word' id='word_1_102' title='bbox 954 1089 1195 1146; x_wconf 82' lang='lat' dir='ltr'>paratum</span> <span class='ocrx_word' id='word_1_103' title='bbox 1225 1079 1278 1129; x_wconf 87' lang='lat' dir='ltr'>se</span> <span class='ocrx_word' id='word_1_104' title='bbox 1308 1077 1408 1127; x_wconf 83' lang='lat' dir='ltr'>effe</span> 
     </span>
     <span class='ocr_line' id='line_1_15' title="bbox 68 1155 1409 1221; baseline 0.001 -18"><span class='ocrx_word' id='word_1_105' title='bbox 68 1155 370 1221; x_wconf 77' lang='lat' dir='ltr'>respondit:</span> <span class='ocrx_word' id='word_1_106' title='bbox 411 1167 464 1206; x_wconf 92' lang='lat' dir='ltr'>et</span> <span class='ocrx_word' id='word_1_107' title='bbox 489 1156 651 1218; x_wconf 86' lang='lat' dir='ltr'>judex</span> <span class='ocrx_word' id='word_1_108' title='bbox 679 1156 989 1207; x_wconf 87' lang='lat' dir='ltr'>conditione</span> <span class='ocrx_word' id='word_1_109' title='bbox 1017 1156 1143 1206; x_wconf 81' lang='lat' dir='ltr'>usus</span> <span class='ocrx_word' id='word_1_110' title='bbox 1166 1155 1264 1214; x_wconf 80' lang='lat' dir='ltr'>est,</span> <span class='ocrx_word' id='word_1_111' title='bbox 1303 1157 1409 1207; x_wconf 86' lang='lat' dir='ltr'>cla-</span> 
     </span>
     <span class='ocr_line' id='line_1_16' title="bbox 68 1233 1408 1293; baseline 0.001 -12"><span class='ocrx_word' id='word_1_112' title='bbox 68 1243 248 1282; x_wconf 85' lang='lat' dir='ltr'>mante</span> <span class='ocrx_word' id='word_1_113' title='bbox 270 1234 508 1284; x_wconf 89' lang='lat' dir='ltr'>multum</span> <span class='ocrx_word' id='word_1_114' title='bbox 534 1234 817 1293; x_wconf 86' lang='lat' dir='ltr'>advocato,</span> <span class='ocrx_word' id='word_1_115' title='bbox 852 1233 1112 1283; x_wconf 81' lang='lat' dir='ltr'>schemata</span> <span class='ocrx_word' id='word_1_116' title='bbox 1133 1233 1200 1283; x_wconf 87' lang='lat' dir='ltr'>de</span> <span class='ocrx_word' id='word_1_117' title='bbox 1223 1250 1408 1282; x_wconf 88' lang='lat' dir='ltr'>rerum</span> 
     </span>
     <span class='ocr_line' id='line_1_17' title="bbox 68 1311 1406 1379; baseline 0.001 -20"><span class='ocrx_word' id='word_1_118' title='bbox 68 1319 254 1361; x_wconf 85' lang='lat' dir='ltr'>natura</span> <span class='ocrx_word' id='word_1_119' title='bbox 286 1311 434 1361; x_wconf 86' lang='lat' dir='ltr'>tolli:</span> <span class='ocrx_word' id='word_1_120' title='bbox 498 1320 561 1360; x_wconf 89' lang='lat' dir='ltr'>ut</span> <span class='ocrx_word' id='word_1_121' title='bbox 592 1312 841 1379; x_wconf 86' lang='lat' dir='ltr'>protinus</span> <span class='ocrx_word' id='word_1_122' title='bbox 879 1312 1034 1362; x_wconf 85' lang='lat' dir='ltr'>etiam</span> <span class='ocrx_word' id='word_1_123' title='bbox 1066 1321 1406 1378; x_wconf 77' lang='lat' dir='ltr'>praeceptum</span> 
     </span>
    </p>
   </div>
   <div class='ocr_carea' id='block_1_3' title="bbox 64 1464 1404 1963">
    <p class='ocr_par' dir='ltr' id='par_1_3' title="bbox 156 1464 1005 1513">
     <span class='ocr_line' id='line_1_18' title="bbox 156 1464 1005 1513; baseline 0.002 -13"><span class='ocrx_word' id='word_1_124' title='bbox 156 1472 221 1512; x_wconf 82' lang='lat'>93.</span> <span class='ocrx_word' id='word_1_125' title='bbox 252 1464 470 1512; x_wconf 81' lang='lat' dir='ltr'>intelligere.</span> <span class='ocrx_word' id='word_1_126' title='bbox 525 1465 658 1501; x_wconf 82' lang='lat' dir='ltr'>Turic.</span> <span class='ocrx_word' id='word_1_127' title='bbox 685 1465 790 1501; x_wconf 83' lang='lat' dir='ltr'>Flor.</span> <span class='ocrx_word' id='word_1_128' title='bbox 825 1465 1005 1513; x_wconf 70' lang='lat' dir='ltr'>intellegi.</span> 
     </span>
    </p>

    <p class='ocr_par' dir='ltr' id='par_1_4' title="bbox 64 1518 1404 1851">
     <span class='ocr_line' id='line_1_19' title="bbox 153 1518 1403 1571; baseline 0 -15"><span class='ocrx_word' id='word_1_129' title='bbox 153 1528 220 1568; x_wconf 78' lang='grc'>94.</span> <span class='ocrx_word' id='word_1_130' title='bbox 241 1518 279 1570; x_wconf 85' lang='lat' dir='ltr'><em>fi</em></span> <span class='ocrx_word' id='word_1_131' title='bbox 298 1519 456 1569; x_wconf 80' lang='lat' dir='ltr'>fuerint.</span> <span class='ocrx_word' id='word_1_132' title='bbox 509 1521 572 1556; x_wconf 85' lang='lat' dir='ltr'>Sic</span> <span class='ocrx_word' id='word_1_133' title='bbox 587 1521 722 1557; x_wconf 87' lang='lat' dir='ltr'>Turic.</span> <span class='ocrx_word' id='word_1_134' title='bbox 740 1520 845 1558; x_wconf 85' lang='lat' dir='ltr'>Flor.</span> <span class='ocrx_word' id='word_1_135' title='bbox 868 1521 996 1558; x_wconf 84' lang='lat' dir='ltr'>Guelf.</span> <span class='ocrx_word' id='word_1_136' title='bbox 1019 1521 1152 1571; x_wconf 80' lang='lat' dir='ltr'><strong>Camp.</strong></span> <span class='ocrx_word' id='word_1_137' title='bbox 1173 1532 1263 1556; x_wconf 84' lang='lat' dir='ltr'>cum</span> <span class='ocrx_word' id='word_1_138' title='bbox 1285 1518 1403 1556; x_wconf 83' lang='lat' dir='ltr'>Goth.</span> 
     </span>
     <span class='ocr_line' id='line_1_20' title="bbox 65 1574 1404 1625; baseline -0.001 -14"><span class='ocrx_word' id='word_1_139' title='bbox 65 1574 182 1612; x_wconf 82' lang='lat' dir='ltr'>Bodl.</span> <span class='ocrx_word' id='word_1_140' title='bbox 206 1577 342 1612; x_wconf 84' lang='lat' dir='ltr'>Ioann.</span> <span class='ocrx_word' id='word_1_141' title='bbox 363 1575 464 1613; x_wconf 80' lang='lat' dir='ltr'>Alm.</span> <span class='ocrx_word' id='word_1_142' title='bbox 488 1577 594 1616; x_wconf 81' lang='lat' dir='ltr'>Voff·</span> <span class='ocrx_word' id='word_1_143' title='bbox 616 1588 654 1613; x_wconf 83' lang='lat'>2.</span> <span class='ocrx_word' id='word_1_144' title='bbox 674 1586 712 1621; x_wconf 76' lang='grc'>5.</span> <span class='ocrx_word' id='word_1_145' title='bbox 734 1577 855 1613; x_wconf 84' lang='lat' dir='ltr'>Andr.</span> <span class='ocrx_word' id='word_1_146' title='bbox 879 1588 917 1613; x_wconf 87' lang='lat' dir='ltr'>et</span> <span class='ocrx_word' id='word_1_147' title='bbox 938 1577 1023 1614; x_wconf 82' lang='lat' dir='ltr'>edd.</span> <span class='ocrx_word' id='word_1_148' title='bbox 1048 1588 1133 1612; x_wconf 87' lang='lat' dir='ltr'>ante</span> <span class='ocrx_word' id='word_1_149' title='bbox 1149 1575 1302 1625; x_wconf 83' lang='lat' dir='ltr'>Gryph.</span> <span class='ocrx_word' id='word_1_150' title='bbox 1330 1577 1404 1610; x_wconf 85' lang='lat' dir='ltr'>Re-</span> 
     </span>
     <span class='ocr_line' id='line_1_21' title="bbox 66 1625 1402 1683; baseline 0.001 -16"><span class='ocrx_word' id='word_1_151' title='bbox 66 1629 172 1680; x_wconf 82' lang='lat' dir='ltr'>liqui</span> <span class='ocrx_word' id='word_1_152' title='bbox 199 1646 280 1668; x_wconf 83' lang='lat' dir='ltr'>cum</span> <span class='ocrx_word' id='word_1_153' title='bbox 300 1631 336 1682; x_wconf 84' lang='lat' dir='ltr'>f.</span> <span class='ocrx_word' id='word_1_154' title='bbox 561 1630 633 1682; x_wconf 80' lang='lat' dir='ltr'>est,</span> <span class='ocrx_word' id='word_1_155' title='bbox 666 1632 784 1682; x_wconf 78' lang='lat' dir='ltr'>nescio</span> <span class='ocrx_word' id='word_1_156' title='bbox 808 1634 897 1683; x_wconf 77' lang='lat' dir='ltr'>quid</span> <span class='ocrx_word' id='word_1_157' title='bbox 918 1634 1024 1669; x_wconf 80' lang='lat' dir='ltr'>illud.</span> <span class='ocrx_word' id='word_1_158' title='bbox 1068 1634 1131 1669; x_wconf 90' lang='lat' dir='ltr'>Sic</span> <span class='ocrx_word' id='word_1_159' title='bbox 1152 1632 1257 1669; x_wconf 82' lang='lat' dir='ltr'>Flor.</span> <span class='ocrx_word' id='word_1_160' title='bbox 1282 1625 1402 1668; x_wconf 81' lang='lat' dir='ltr'>Goth.</span> 
     </span>
     <span class='ocr_line' id='line_1_22' title="bbox 64 1686 1403 1737; baseline 0.001 -15"><span class='ocrx_word' id='word_1_161' title='bbox 64 1686 166 1734; x_wconf 79' lang='lat' dir='ltr'>(tac.</span> <span class='ocrx_word' id='word_1_162' title='bbox 190 1689 330 1734; x_wconf 81' lang='lat' dir='ltr'>Gesn.)</span> <span class='ocrx_word' id='word_1_163' title='bbox 353 1702 441 1726; x_wconf 85' lang='lat' dir='ltr'>cum</span> <span class='ocrx_word' id='word_1_164' title='bbox 462 1690 567 1729; x_wconf 82' lang='lat' dir='ltr'>Voff.</span> <span class='ocrx_word' id='word_1_165' title='bbox 596 1700 633 1726; x_wconf 85' lang='lat'>2.</span> <span class='ocrx_word' id='word_1_166' title='bbox 656 1689 759 1725; x_wconf 84' lang='lat' dir='ltr'>Alm.</span> <span class='ocrx_word' id='word_1_167' title='bbox 784 1701 822 1726; x_wconf 83' lang='lat' dir='ltr'>et</span> <span class='ocrx_word' id='word_1_168' title='bbox 843 1690 927 1726; x_wconf 88' lang='lat' dir='ltr'>edd.</span> <span class='ocrx_word' id='word_1_169' title='bbox 953 1701 1040 1725; x_wconf 77' lang='lat' dir='ltr'>ante</span> <span class='ocrx_word' id='word_1_170' title='bbox 1059 1689 1151 1726; x_wconf 82' lang='lat' dir='ltr'><strong>Bad.</strong></span> <span class='ocrx_word' id='word_1_171' title='bbox 1176 1689 1273 1733; x_wconf 76' lang='lat' dir='ltr'>(nisi</span> <span class='ocrx_word' id='word_1_172' title='bbox 1295 1687 1403 1737; x_wconf 82' lang='lat' dir='ltr'>quod</span> 
     </span>
     <span class='ocr_line' id='line_1_23' title="bbox 65 1741 1403 1796; baseline 0.001 -18"><span class='ocrx_word' id='word_1_173' title='bbox 65 1741 139 1780; x_wconf 82' lang='lat' dir='ltr'>hae</span> <span class='ocrx_word' id='word_1_174' title='bbox 160 1744 305 1781; x_wconf 82' lang='lat' dir='ltr'>addunt</span> <span class='ocrx_word' id='word_1_175' title='bbox 326 1746 392 1788; x_wconf 79' lang='lat' dir='ltr'>ut)</span> <span class='ocrx_word' id='word_1_176' title='bbox 418 1759 498 1782; x_wconf 87' lang='lat' dir='ltr'>exe.</span> <span class='ocrx_word' id='word_1_177' title='bbox 523 1747 655 1796; x_wconf 76' lang='lat' dir='ltr'>Camp.</span> <span class='ocrx_word' id='word_1_178' title='bbox 695 1747 766 1795; x_wconf 85' lang='lat' dir='ltr'>qui</span> <span class='ocrx_word' id='word_1_179' title='bbox 796 1747 946 1782; x_wconf 89' lang='lat' dir='ltr'>omittit</span> <span class='ocrx_word' id='word_1_180' title='bbox 969 1757 1006 1782; x_wconf 82' lang='lat' dir='ltr'>et</span> <span class='ocrx_word' id='word_1_181' title='bbox 1037 1746 1133 1781; x_wconf 77' lang='lat' dir='ltr'>illud</span> <span class='ocrx_word' id='word_1_182' title='bbox 1154 1757 1244 1781; x_wconf 88' lang='lat' dir='ltr'>cum</span> <span class='ocrx_word' id='word_1_183' title='bbox 1266 1744 1403 1780; x_wconf 80' lang='lat' dir='ltr'>Turio.</span> 
     </span>
     <span class='ocr_line' id='line_1_24' title="bbox 66 1797 1007 1851; baseline 0.001 -15"><span class='ocrx_word' id='word_1_184' title='bbox 66 1799 142 1846; x_wconf 80' lang='lat' dir='ltr'>(cf.</span> <span class='ocrx_word' id='word_1_185' title='bbox 166 1804 200 1848; x_wconf 56' lang='grc' dir='ltr'>ᾗ.</span> <span class='ocrx_word' id='word_1_186' title='bbox 221 1812 286 1849; x_wconf 89' lang='lat'>90.</span> <span class='ocrx_word' id='word_1_187' title='bbox 311 1797 428 1848; x_wconf 70' lang='lat'><strong>107.)</strong></span> <span class='ocrx_word' id='word_1_188' title='bbox 485 1801 647 1850; x_wconf 83' lang='lat' dir='ltr'>Reliqui</span> <span class='ocrx_word' id='word_1_189' title='bbox 674 1816 705 1839; x_wconf 81' lang='lat' dir='ltr'>e.</span> <span class='ocrx_word' id='word_1_190' title='bbox 731 1812 772 1838; x_wconf 77' lang='lat' dir='ltr'>ut</span> <span class='ocrx_word' id='word_1_191' title='bbox 795 1803 888 1839; x_wconf 77' lang='lat' dir='ltr'>illud</span> <span class='ocrx_word' id='word_1_192' title='bbox 911 1817 947 1838; x_wconf 86' lang='lat' dir='ltr'>n.</span> <span class='ocrx_word' id='word_1_193' title='bbox 973 1817 1007 1851; x_wconf 83' lang='lat' dir='ltr'>q.</span> 
     </span>
    </p>

    <p class='ocr_par' dir='ltr' id='par_1_5' title="bbox 65 1856 1404 1963">
     <span class='ocr_line' id='line_1_25' title="bbox 151 1856 1404 1909; baseline -0.002 -15"><span class='ocrx_word' id='word_1_194' title='bbox 151 1863 216 1905; x_wconf 86' lang='lat'>95.</span> <span class='ocrx_word' id='word_1_195' title='bbox 255 1858 459 1898; x_wconf 77' lang='lat' dir='ltr'>advocato,</span> <span class='ocrx_word' id='word_1_196' title='bbox 486 1857 677 1907; x_wconf 80' lang='lat' dir='ltr'>schemata</span> <span class='ocrx_word' id='word_1_197' title='bbox 703 1859 760 1896; x_wconf 80' lang='lat' dir='ltr'>de.</span> <span class='ocrx_word' id='word_1_198' title='bbox 820 1859 953 1895; x_wconf 86' lang='lat' dir='ltr'>Turic.</span> <span class='ocrx_word' id='word_1_199' title='bbox 985 1857 1090 1896; x_wconf 86' lang='lat' dir='ltr'>Flor.</span> <span class='ocrx_word' id='word_1_200' title='bbox 1123 1857 1217 1905; x_wconf 86' lang='lat' dir='ltr'>(hic</span> <span class='ocrx_word' id='word_1_201' title='bbox 1242 1856 1404 1909; x_wconf 75' lang='lat' dir='ltr'>quidem</span> 
     </span>
     <span class='ocr_line' id='line_1_26' title="bbox 65 1915 876 1963; baseline 0.004 -15"><span class='ocrx_word' id='word_1_202' title='bbox 65 1923 87 1948; x_wconf 76' lang='lat' dir='ltr'>a</span> <span class='ocrx_word' id='word_1_203' title='bbox 106 1925 166 1963; x_wconf 76' lang='lat' dir='ltr'>pr.</span> <span class='ocrx_word' id='word_1_204' title='bbox 188 1915 334 1960; x_wconf 84' lang='lat' dir='ltr'>manu)</span> <span class='ocrx_word' id='word_1_205' title='bbox 366 1915 569 1951; x_wconf 74' lang='lat' dir='ltr'>advocatus</span> <span class='ocrx_word' id='word_1_206' title='bbox 591 1916 636 1951; x_wconf 80' lang='lat' dir='ltr'>de</span> <span class='ocrx_word' id='word_1_207' title='bbox 659 1928 749 1951; x_wconf 89' lang='lat' dir='ltr'>cum</span> <span class='ocrx_word' id='word_1_208' title='bbox 771 1915 876 1951; x_wconf 75' lang='lat' dir='ltr'><strong>Alm.</strong></span> 
     </span>
    </p>
   </div>
   <div class='ocr_carea' id='block_1_4' title="bbox 65 2029 1406 2642">
    <p class='ocr_par' dir='ltr' id='par_1_6' title="bbox 65 2029 1406 2472">
     <span class='ocr_line' id='line_1_27' title="bbox 122 2029 1406 2078; baseline 0 -14"><span class='ocrx_word' id='word_1_209' title='bbox 122 2036 190 2078; x_wconf 84' lang='lat'>95.</span> <span class='ocrx_word' id='word_1_210' title='bbox 230 2038 321 2066; x_wconf 71' lang='lat' dir='ltr'>nota</span> <span class='ocrx_word' id='word_1_211' title='bbox 352 2032 448 2066; x_wconf 79' lang='lat' dir='ltr'>enim</span> <span class='ocrx_word' id='word_1_212' title='bbox 472 2029 611 2077; x_wconf 79' lang='lat' dir='ltr'>fabula</span> <span class='ocrx_word' id='word_1_213' title='bbox 642 2029 704 2078; x_wconf 77' lang='lat' dir='ltr'>eft.</span> <span class='ocrx_word' id='word_1_214' title='bbox 761 2032 946 2071; x_wconf 76' lang='lat' dir='ltr'>rentiam,</span> <span class='ocrx_word' id='word_1_215' title='bbox 1006 2031 1195 2066; x_wconf 81' lang='lat' dir='ltr'>diversam</span> <span class='ocrx_word' id='word_1_216' title='bbox 1259 2029 1406 2065; x_wconf 83' lang='lat' dir='ltr'>censuit</span> 
     </span>
     <span class='ocr_line' id='line_1_28' title="bbox 66 2085 1402 2136; baseline -0.001 -14"><span class='ocrx_word' id='word_1_217' title='bbox 66 2087 221 2122; x_wconf 73' lang='lat' dir='ltr'>Praeter</span> <span class='ocrx_word' id='word_1_218' title='bbox 294 2088 476 2121; x_wconf 76' lang='lat' dir='ltr'>Senecam</span> <span class='ocrx_word' id='word_1_219' title='bbox 541 2097 703 2135; x_wconf 75' lang='lat' dir='ltr'>patrem,</span> <span class='ocrx_word' id='word_1_220' title='bbox 763 2088 925 2136; x_wconf 86' lang='lat' dir='ltr'>Capper.</span> <span class='ocrx_word' id='word_1_221' title='bbox 961 2087 1064 2136; x_wconf 79' lang='lat' dir='ltr'>apud</span> <span class='ocrx_word' id='word_1_222' title='bbox 1089 2085 1321 2122; x_wconf 85' lang='lat' dir='ltr'>Suetonium</span> <span class='ocrx_word' id='word_1_223' title='bbox 1349 2086 1402 2120; x_wconf 75' lang='lat' dir='ltr'>sa·</span> 
     </span>
     <span class='ocr_line' id='line_1_29' title="bbox 67 2140 1403 2192; baseline -0.002 -14"><span class='ocrx_word' id='word_1_224' title='bbox 67 2142 257 2179; x_wconf 80' lang='lat' dir='ltr'>controv.</span> <span class='ocrx_word' id='word_1_225' title='bbox 296 2150 321 2186; x_wconf 78' lang='grc'>5</span> <span class='ocrx_word' id='word_1_226' title='bbox 358 2141 501 2190; x_wconf 70' lang='lat' dir='ltr'>praefi,</span> <span class='ocrx_word' id='word_1_227' title='bbox 540 2155 579 2190; x_wconf 85' lang='lat' dir='ltr'>p.</span> <span class='ocrx_word' id='word_1_228' title='bbox 611 2153 706 2178; x_wconf 83' lang='lat'><strong>200.</strong></span> <span class='ocrx_word' id='word_1_229' title='bbox 762 2142 919 2184; x_wconf 74' lang='lat' dir='ltr'>bulam,</span> <span class='ocrx_word' id='word_1_230' title='bbox 983 2142 1274 2192; x_wconf 77' lang='lat' dir='ltr'>superstitiosius</span> <span class='ocrx_word' id='word_1_231' title='bbox 1334 2140 1403 2187; x_wconf 62' lang='lat' dir='ltr'>ille</span> 
     </span>
     <span class='ocr_line' id='line_1_30' title="bbox 66 2197 1402 2238; baseline -0.001 -4"><span class='ocrx_word' id='word_1_232' title='bbox 66 2207 195 2234; x_wconf 76' lang='lat' dir='ltr'>narrat</span> <span class='ocrx_word' id='word_1_233' title='bbox 223 2207 260 2233; x_wconf 87' lang='lat' dir='ltr'>et</span> <span class='ocrx_word' id='word_1_234' title='bbox 280 2197 491 2233; x_wconf 84' lang='lat' dir='ltr'>Suetonius</span> <span class='ocrx_word' id='word_1_235' title='bbox 518 2197 564 2232; x_wconf 88' lang='lat' dir='ltr'>de</span> <span class='ocrx_word' id='word_1_236' title='bbox 593 2197 706 2234; x_wconf 81' lang='lat' dir='ltr'>claris</span> <span class='ocrx_word' id='word_1_237' title='bbox 763 2199 863 2235; x_wconf 77' lang='lat' dir='ltr'>cirea</span> <span class='ocrx_word' id='word_1_238' title='bbox 892 2199 1010 2236; x_wconf 79' lang='lat' dir='ltr'>verba</span> <span class='ocrx_word' id='word_1_239' title='bbox 1044 2210 1082 2234; x_wconf 87' lang='lat' dir='ltr'>et</span> <span class='ocrx_word' id='word_1_240' title='bbox 1109 2197 1239 2234; x_wconf 79' lang='lat' dir='ltr'>literas</span> <span class='ocrx_word' id='word_1_241' title='bbox 1271 2197 1402 2238; x_wconf 74' lang='lat' dir='ltr'>haesit,</span> 
     </span>
     <span class='ocr_line' id='line_1_31' title="bbox 65 2252 1402 2292; baseline 0 -4"><span class='ocrx_word' id='word_1_242' title='bbox 65 2252 197 2288; x_wconf 81' lang='lat' dir='ltr'>Rhett.</span> <span class='ocrx_word' id='word_1_243' title='bbox 218 2263 315 2289; x_wconf 80' lang='lat' dir='ltr'>extr.</span> <span class='ocrx_word' id='word_1_244' title='bbox 343 2253 517 2289; x_wconf 79' lang='lat' dir='ltr'>Albutius</span> <span class='ocrx_word' id='word_1_245' title='bbox 535 2254 633 2289; x_wconf 81' lang='lat' dir='ltr'>Silus</span> <span class='ocrx_word' id='word_1_246' title='bbox 653 2254 706 2289; x_wconf 72' lang='lat' dir='ltr'>ita</span> <span class='ocrx_word' id='word_1_247' title='bbox 763 2254 899 2292; x_wconf 69' lang='lat' dir='ltr'>fimitis</span> <span class='ocrx_word' id='word_1_248' title='bbox 950 2255 1102 2291; x_wconf 81' lang='lat' dir='ltr'>nationi</span> <span class='ocrx_word' id='word_1_249' title='bbox 1143 2253 1402 2290; x_wconf 79' lang='lat' dir='ltr'>Harmonista-</span> 
     </span>
     <span class='ocr_line' id='line_1_32' title="bbox 69 2307 1402 2357; baseline 0.002 -14"><span class='ocrx_word' id='word_1_250' title='bbox 69 2307 194 2344; x_wconf 75' lang='lat' dir='ltr'>elusus</span> <span class='ocrx_word' id='word_1_251' title='bbox 211 2308 288 2344; x_wconf 80' lang='lat' dir='ltr'>fuit</span> <span class='ocrx_word' id='word_1_252' title='bbox 308 2309 353 2346; x_wconf 82' lang='lat' dir='ltr'>ab</span> <span class='ocrx_word' id='word_1_253' title='bbox 368 2309 606 2351; x_wconf 76' lang='lat' dir='ltr'>adversari03</span> <span class='ocrx_word' id='word_1_254' title='bbox 636 2323 708 2346; x_wconf 82' lang='lat' dir='ltr'>nec</span> <span class='ocrx_word' id='word_1_255' title='bbox 764 2324 850 2346; x_wconf 87' lang='lat' dir='ltr'>rum</span> <span class='ocrx_word' id='word_1_256' title='bbox 871 2311 915 2347; x_wconf 88' lang='lat' dir='ltr'>in</span> <span class='ocrx_word' id='word_1_257' title='bbox 935 2312 985 2347; x_wconf 89' lang='lat' dir='ltr'>N.</span> <span class='ocrx_word' id='word_1_258' title='bbox 1009 2313 1055 2347; x_wconf 89' lang='lat' dir='ltr'>T.</span> <span class='ocrx_word' id='word_1_259' title='bbox 1078 2310 1300 2349; x_wconf 83' lang='lat' dir='ltr'>Obrechtus</span> <span class='ocrx_word' id='word_1_260' title='bbox 1334 2323 1402 2357; x_wconf 79' lang='lat' dir='ltr'>pa·</span> 
     </span>
     <span class='ocr_line' id='line_1_33' title="bbox 67 2360 1402 2417; baseline 0.002 -19"><span class='ocrx_word' id='word_1_261' title='bbox 67 2360 207 2399; x_wconf 73' lang='lat' dir='ltr'>dubito</span> <span class='ocrx_word' id='word_1_262' title='bbox 248 2365 344 2412; x_wconf 83' lang='lat' dir='ltr'>quin</span> <span class='ocrx_word' id='word_1_263' title='bbox 384 2377 515 2401; x_wconf 83' lang='lat' dir='ltr'>errore</span> <span class='ocrx_word' id='word_1_264' title='bbox 551 2365 705 2403; x_wconf 78' lang='lat' dir='ltr'>librarii</span> <span class='ocrx_word' id='word_1_265' title='bbox 761 2369 827 2402; x_wconf 83' lang='lat' dir='ltr'>tris</span> <span class='ocrx_word' id='word_1_266' title='bbox 847 2367 889 2403; x_wconf 89' lang='lat' dir='ltr'>in</span> <span class='ocrx_word' id='word_1_267' title='bbox 910 2367 1038 2404; x_wconf 82' lang='lat' dir='ltr'>nostro</span> <span class='ocrx_word' id='word_1_268' title='bbox 1059 2368 1243 2417; x_wconf 79' lang='lat' dir='ltr'>reposuit,</span> <span class='ocrx_word' id='word_1_269' title='bbox 1269 2375 1402 2402; x_wconf 80' lang='lat' dir='ltr'>contra</span> 
     </span>
     <span class='ocr_line' id='line_1_34' title="bbox 66 2418 1240 2472; baseline 0.005 -19"><span class='ocrx_word' id='word_1_270' title='bbox 66 2418 145 2454; x_wconf 87' lang='lat' dir='ltr'>huc</span> <span class='ocrx_word' id='word_1_271' title='bbox 164 2419 378 2468; x_wconf 82' lang='lat' dir='ltr'>irruperint</span> <span class='ocrx_word' id='word_1_272' title='bbox 397 2423 582 2468; x_wconf 76' lang='lat' dir='ltr'>„patroni</span> <span class='ocrx_word' id='word_1_273' title='bbox 601 2423 705 2458; x_wconf 82' lang='lat' dir='ltr'>cine-</span> <span class='ocrx_word' id='word_1_274' title='bbox 762 2435 894 2470; x_wconf 81' lang='lat' dir='ltr'>omnes</span> <span class='ocrx_word' id='word_1_275' title='bbox 919 2424 1079 2472; x_wconf 87' lang='lat' dir='ltr'>quidem</span> <span class='ocrx_word' id='word_1_276' title='bbox 1103 2423 1240 2460; x_wconf 77' lang='lat' dir='ltr'>libros.</span> 
     </span>
    </p>

    <p class='ocr_par' dir='ltr' id='par_1_7' title="bbox 65 2479 1403 2642">
     <span class='ocr_line' id='line_1_35' title="bbox 67 2479 1403 2528; baseline 0.004 -19"><span class='ocrx_word' id='word_1_277' title='bbox 67 2500 92 2516; x_wconf 84' lang='lat'>‚‚</span> <span class='ocrx_word' id='word_1_278' title='bbox 104 2480 202 2510; x_wconf 75' lang='lat' dir='ltr'>res“</span> <span class='ocrx_word' id='word_1_279' title='bbox 234 2488 309 2524; x_wconf 79' lang='lat' dir='ltr'>pro</span> <span class='ocrx_word' id='word_1_280' title='bbox 342 2479 481 2524; x_wconf 80' lang='lat' dir='ltr'>patris,</span> <span class='ocrx_word' id='word_1_281' title='bbox 519 2479 624 2526; x_wconf 83' lang='lat' dir='ltr'>quod</span> <span class='ocrx_word' id='word_1_282' title='bbox 653 2479 704 2514; x_wconf 85' lang='lat' dir='ltr'>est</span> <span class='ocrx_word' id='word_1_283' title='bbox 818 2488 857 2515; x_wconf 76' lang='lat' dir='ltr'>ue</span> <span class='ocrx_word' id='word_1_284' title='bbox 885 2482 1056 2527; x_wconf 77' lang='lat' dir='ltr'>protinus</span> <span class='ocrx_word' id='word_1_285' title='bbox 1086 2499 1143 2508; x_wconf 93' lang='lat'>—</span> <span class='ocrx_word' id='word_1_286' title='bbox 1166 2487 1403 2528; x_wconf 46' lang='lat' dir='ltr'>praeceptum.</span> 
     </span>
     <span class='ocr_line' id='line_1_36' title="bbox 67 2530 1401 2585; baseline 0.004 -20"><span class='ocrx_word' id='word_1_287' title='bbox 67 2530 169 2579; x_wconf 77' lang='lat' dir='ltr'>apud</span> <span class='ocrx_word' id='word_1_288' title='bbox 218 2532 399 2569; x_wconf 82' lang='lat' dir='ltr'>Senecam</span> <span class='ocrx_word' id='word_1_289' title='bbox 457 2544 493 2568; x_wconf 89' lang='lat' dir='ltr'>et</span> <span class='ocrx_word' id='word_1_290' title='bbox 544 2536 702 2570; x_wconf 82' lang='lat' dir='ltr'>Sueton.</span> <span class='ocrx_word' id='word_1_291' title='bbox 749 2535 817 2585; x_wconf 77' lang='lat' dir='ltr'>fit.</span> <span class='ocrx_word' id='word_1_292' title='bbox 857 2538 1001 2575; x_wconf 80' lang='lat' dir='ltr'>„Juvat</span> <span class='ocrx_word' id='word_1_293' title='bbox 1027 2536 1152 2583; x_wconf 83' lang='lat' dir='ltr'>igitur</span> <span class='ocrx_word' id='word_1_294' title='bbox 1183 2535 1305 2570; x_wconf 84' lang='lat' dir='ltr'>statim</span> <span class='ocrx_word' id='word_1_295' title='bbox 1335 2534 1401 2571; x_wconf 81' lang='lat' dir='ltr'>hic</span> 
     </span>
     <span class='ocr_line' id='line_1_37' title="bbox 65 2586 1400 2642; baseline 0.003 -18"><span class='ocrx_word' id='word_1_296' title='bbox 65 2586 169 2624; x_wconf 80' lang='lat' dir='ltr'>Nam</span> <span class='ocrx_word' id='word_1_297' title='bbox 192 2587 238 2629; x_wconf 77' lang='lat' dir='ltr'>si,</span> <span class='ocrx_word' id='word_1_298' title='bbox 278 2598 437 2638; x_wconf 78' lang='lat' dir='ltr'>propter</span> <span class='ocrx_word' id='word_1_299' title='bbox 466 2589 564 2626; x_wconf 77' lang='lat' dir='ltr'>hanc</span> <span class='ocrx_word' id='word_1_300' title='bbox 591 2589 702 2628; x_wconf 61' lang='lat' dir='ltr'>diffefi</span> <span class='ocrx_word' id='word_1_301' title='bbox 737 2592 1232 2642; x_wconf 62' lang='lat' dir='ltr'>⁴„subjicerepraeceptum</span> <span class='ocrx_word' id='word_1_302' title='bbox 1245 2591 1291 2628; x_wconf 80' lang='lat' dir='ltr'>de</span> <span class='ocrx_word' id='word_1_303' title='bbox 1314 2603 1400 2628; x_wconf 78' lang='lat' dir='ltr'>cau.-</span> 
     </span>
    </p>
   </div>
  </div>
 </body>
</html>
