1586 2990
232 185 328 236 ⁵²98
531 169 603 230 M„
638 178 775 225 ῈΑΒ.
819 179 1224 253 QUINTILIANJ

164 312 215 353 29
228 300 466 365 pluribus
488 303 627 352 notis
647 301 815 351 vestis·
893 306 1077 370 Quare,
1111 305 1232 356 licet
1255 301 1396 363 haee⁴
1409 308 1521 356 eni-

225 386 357 434 tere,
396 389 447 426 et
470 379 792 441 aliquatenus
818 386 986 425 extare
1011 378 1309 440 videantur,
1345 393 1520 433 tamen

223 451 424 500 lumina
446 453 535 500 illa
563 468 673 501 non
698 450 957 509 flammae,
1003 451 1094 506 sed
1124 453 1357 506 scintillis
1381 459 1519 509 inter

221 525 431 576 fumum
457 526 797 576 emicantibus
828 525 1012 577 fimilia
1041 528 1254 582 dixeris:
1293 548 1518 595 quaene

219 612 465 668 apparent
487 599 715 665 quidem,
747 602 842 651 ubi
865 613 971 652 tota
990 605 1130 654 lucet
1150 606 1314 655 oratio
1326 623 1342 665 3
1380 616 1441 656 ut
1458 607 1586 657 in721

215 753 312 792 Jens.
341 763 378 788 et
409 753 494 792 edd.
531 753 755 802 posteriores
795 764 878 789 ante
918 754 1013 792 Obr.
1065 756 1141 792 Eae
1171 756 1327 805 quidem
1352 755 1516 806 infimus,

215 807 392 855 (aliquot
421 822 490 857 per
519 821 687 844 errorem
718 811 896 853 incertus)
936 810 1068 849 frustra
1115 811 1300 860 probante
1339 812 1515 862 Gesnero,

212 874 302 897 cum
338 864 381 898 fit
416 863 604 899 manifesta
643 865 829 899 con-ectio
870 865 1129 901 omittentium
1168 874 1204 901 et
1241 878 1395 916 quoque
1414 864 1516 902 'ante

210 931 402 965 purpurae.
468 922 542 954 Pro
580 919 702 956 clavus
737 919 863 956 Guelf.
900 920 1030 971 'Camp-
1067 922 1198 957 clarius
1236 933 1326 958 cum
1363 921 1513 969 aliqun-

209 985 297 1008 rum
326 987 443 1022 marg.

295 1039 356 1076 29.
389 1032 533 1065 enitere.
581 1031 710 1066 Turio.
742 1029 844 1066 Flor.
876 1030 921 1076 (a
943 1043 999 1078 pr.
1020 1044 1136 1067 manu
1166 1026 1511 1080 uterqueyGuelf.

210 1091 246 1118 et
264 1085 376 1118 nitere
400 1098 485 1119 eum
505 1084 610 1120 Bafll.
779 1094 900 1120 tamen
924 1086 1073 1123 lumina.
1114 1087 1244 1123 Turio.
1255 1087 1357 1124 flor.
1381 1087 1512 1135 Camp-

206 1139 376 1177 inserunt
394 1149 430 1174 et·
452 1153 539 1174 cum
559 1142 659 1178 Voss'.
689 1154 723 1175 1.
746 1148 782 1183 5.
814 1151 850 1175 et
871 1139 953 1175 edd.
983 1152 1066 1176 ante
1089 1142 1237 1189 Gryph-

293 1194 356 1228 illa
387 1207 458 1229 non
478 1195 675 1242 flammae,
707 1193 776 1243 sed
797 1193 905 1243 scint.
964 1195 1095 1230 Turio.
1130 1196 1196 1230 illa
1224 1205 1260 1231 et
1283 1196 1334 1245 fi'·
1369 1199 1416 1243 (a
1437 1198 1506 1232 sec.

205 1261 321 1284 manu
349 1251 414 1286 illa
429 1249 510 1298 sc.)
544 1263 630 1286 cum
661 1250 761 1285 Alm.
805 1249 907 1284 flor.
939 1252 986 1293 (a
1015 1263 1073 1297 pr.
1094 1253 1235 1295 manu)
1266 1265 1340 1288 non
1363 1251 1414 1299 fl.
1436 1251 1508 1300 sed

206 1304 361 1341 omittit.
420 1307 557 1341 Totius
577 1306 697 1341 sensus
724 1305 911 1339 rationem
933 1305 1179 1341 confiderauti
1199 1317 1370 1354 apparet,
1397 1307 1506 1354 prius

204 1360 321 1396 obvia
339 1361 601 1396 sententiarum
623 1359 822 1395 commoda
842 1359 957 1406 tangi,
978 1371 1072 1394 mox
1089 1360 1303 1395 cautionem
1314 1361 1506 1409 subjungi,

204 1428 319 1462 quare
342 1416 490 1452 nonnisi
510 1428 613 1451 rarae
633 1414 771 1463 poffiut
791 1413 951 1462 placere.
993 1414 1315 1450 Commendantur
1334 1428 1378 1451 eo
1401 1415 1506 1463 quod
1552 1444 1557 1447 ,

202 1469 312 1518 supra
341 1482 460 1507 cetera
491 1482 614 1506 extare
643 1469 846 1509 videntur,
886 1479 922 1504 et
945 1467 1152 1516 elegantius
1173 1469 1232 1504 ibi
1260 1467 1409 1517 legetur
1436 1478 1506 1510 „et

200 1526 358 1565 „nitere
382 1535 417 1561 et
439 1531 619 1566 extare“;
661 1537 747 1559 cum
776 1525 908 1558 enitere
930 1533 966 1559 et
995 1533 1119 1558 extare
1138 1523 1253 1560 nimis
1273 1524 1407 1560 nmilia
1435 1526 1506 1562 fint

202 1580 447 1629 ejusdemque
477 1581 688 1617 sententiae.
744 1579 776 1614 A
808 1578 1076 1625 conjunctione
1103 1578 1193 1614 inde
1225 1588 1343 1614 tamen
1371 1592 1503 1616 earun-

203 1634 287 1670 dem
314 1636 555 1672 incommoda
585 1634 844 1675 recensentur.
886 1648 981 1682 quae
1001 1634 1084 1667 sunt
1110 1634 1151 1668 in
1173 1634 1314 1681 exiguo
1333 1633 1403 1669 illo
1433 1648 1502 1671 nec

200 1691 270 1726 nifi
299 1705 366 1739 per
389 1691 563 1726 umbram
586 1700 809 1739 apparente,
840 1689 945 1737 quod
965 1688 1167 1737 praebent,
1205 1687 1371 1728 lumine,
1401 1700 1438 1726 et
1458 1691 1502 1726 in

201 1746 343 1780 crebris
363 1747 589 1793 parvisque,
619 1743 760 1792 quibus
781 1743 1031 1782 attolluntur,
1061 1743 1270 1779 conatibus.
1325 1745 1408 1782 Jam
1429 1745 1500 1781 du-

199 1800 289 1848 plex
310 1800 400 1835 haec
419 1801 519 1835 ratio
541 1799 774 1834 manifestior
797 1799 871 1833 erit
893 1807 929 1832 et
948 1808 1031 1832 ante
1050 1797 1188 1832 lumina
1207 1799 1362 1840 servam,
1393 1801 1500 1847 quod.

199 1855 384 1890 reseratur
405 1855 448 1890 ad
480 1854 637 1891 alterum
667 1862 759 1894 „ec,
791 1866 886 1901 quae
907 1852 1099 1887 crebris-‘⁸
1151 1853 1319 1887 Eandem
1341 1854 1390 1890 ob
1413 1867 1498 1890 cau.-

199 1910 273 1944 sam
295 1923 369 1945 non
389 1911 567 1957 flammae
585 1908 653 1958 sed
672 1907 799 1943 minus
824 1919 952 1956 aptum
975 1906 1086 1947 loco,
1126 1918 1163 1942 et
1181 1907 1312 1941 malim
1335 1921 1422 1944 cum
1448 1910 1498 1945 se-

199 1965 322 2000 cunda
343 1967 473 2001 Turio.
495 1977 611 2000 manu
632 1963 875 2010 (quanquam
898 1961 1047 2009 alioqui
1074 1962 1183 2009 prior
1204 1961 1297 1997 folet
1317 1964 1496 1999 affensum

197 2021 411 2068 imperare)
446 2031 511 2061 „et
538 2019 683 2054 lumina
710 2015 788 2052 illa·
807 2016 977 2052 scintillis
1001 2035 1058 2044 —
1084 2016 1333 2053 emicantibus
1361 2018 1496 2054 similia

196 2075 408 2119 ,‚dixe1·is.“
464 2076 505 2110 Si
532 2075 676 2122 primae
705 2085 837 2108 manus
869 2080 903 2106 et
925 2072 1064 2108 retines
1095 2081 1178 2106 ante
1198 2070 1325 2119 scint„
1365 2072 1496 2108 locum

196 2134 247 2168 ita
269 2131 465 2178 expedia-2
507 2131 610 2165 Haec
630 2129 724 2177 ipsa,
761 2127 807 2162 de
832 2127 971 2174 quibus
995 2128 1120 2173 agitur
1140 2126 1194 2171 (i.
1215 2140 1246 2162 e.
1266 2127 1493 2172 sententiae)

196 2197 233 2222 et·
253 2186 336 2220 sunt
358 2185 579 2234 appellanda
601 2185 750 2222 lumina,
780 2191 816 2217 et
837 2183 920 2219 sunt
940 2181 1073 2216 fimilia
1088 2180 1280 2230 scintillis,
1312 2195 1388 2230 quo
1410 2183 1491 2231 ipso

195 2251 367 2290 apparet,
416 2241 564 2276 nonnisi
600 2240 701 2274 inter
738 2237 890 2272 umbras
929 2250 968 2271 ea
997 2236 1099 2283 poss'e
1137 2236 1274 2270 habere
1304 2237 1491 2274 decorem.

195 2295 356 2334 Lumina
378 2305 503 2330 autem
524 2294 726 2343 proprium
747 2292 788 2329 in
810 2291 878 2326 hac
904 2305 944 2326 re
964 2290 1207 2326 vocabulum.
1267 2291 1370 2337 Quid
1396 2292 1492 2328 lucis

194 2351 336 2387 lucrari
353 2349 466 2398 poffit
487 2348 594 2385 locus
615 2348 736 2383 noster
757 2360 803 2382 ex
824 2359 890 2387 eo,
922 2358 1034 2394 quem
1056 2345 1282 2380 demonstrat
1306 2348 1490 2382 Burman-

194 2420 287 2453 nus,
314 2403 488 2451 Philostr.
509 2405 614 2446 (Vit.
635 2402 751 2449 Soph.
780 2416 814 2442 ι,
838 2408 901 2445 24.
926 2401 987 2443 2.)
1014 2413 1091 2435 non
1111 2410 1267 2448 exputo,
1295 2401 1363 2436 nifi
1391 2401 1490 2437 forte

193 2451 291 2497 male
312 2460 454 2499 citavit.
510 2457 648 2496 Voluit
669 2457 840 2504 profecto
862 2458 999 2492 Graeca
1018 2455 1143 2503 aliqua
1162 2469 1180 2489 a
1203 2455 1236 2490 se
1255 2454 1348 2491 lecta
1369 2456 1490 2492 testari

193 2527 231 2553 et
252 2517 302 2560 est
322 2513 594 2563 relinquendus
616 2513 703 2552 suo.
721 2524 849 2562 quem
872 2510 1020 2552 laudat,
1051 2509 1221 2548 Oleario.

243 2637 311 2675 29.
344 2627 480 2678 Quat-,e
510 2623 811 2660 licet—dixeris.
867 2633 1024 2659 errores.
1047 2620 1093 2655 de
1111 2619 1248 2666 quibus
1264 2620 1391 2683 aptius
1411 2618 1486 2656 dis·

192 2683 315 2718 Sunt'
304 2697 344 2717 m
365 2683 470 2717 hisce
483 2678 643 2716 levieuli
657 2677 811 2726 quidam
865 2687 1020 2725 putatui·
1037 2676 1080 2711 in
1101 2675 1202 2711 notis
1222 2674 1374 2732 ειίεὶοὶε,
